time,PRICE_ASK_1,VOLUME_ASK_1,PRICE_BID_1,VOLUME_BID_1,PRICE_ASK_2,VOLUME_ASK_2,PRICE_BID_2,VOLUME_BID_2,PRICE_ASK_3,VOLUME_ASK_3,PRICE_BID_3,VOLUME_BID_3,PRICE_ASK_4,VOLUME_ASK_4,PRICE_BID_4,VOLUME_BID_4,PRICE_ASK_5,VOLUME_ASK_5,PRICE_BID_5,VOLUME_BID_5,PRICE_ASK_6,VOLUME_ASK_6,PRICE_BID_6,VOLUME_BID_6,PRICE_ASK_7,VOLUME_ASK_7,PRICE_BID_7,VOLUME_BID_7,PRICE_ASK_8,VOLUME_ASK_8,PRICE_BID_8,VOLUME_BID_8,PRICE_ASK_9,VOLUME_ASK_9,PRICE_BID_9,VOLUME_BID_9,PRICE_ASK_10,VOLUME_ASK_10,PRICE_BID_10,VOLUME_BID_10
2024-05-17 19:43:28,169.44,21.26354741,169.43,56.50572611,169.46,6.67216557,169.42,69.28688804,169.48,51.9129398,169.41,87.07468166,169.49,61.46777688,169.4,87.94460082,169.5,124.72209487,169.39,19.22955721,169.51,52.6773331,169.38,137.32713787,169.52,80.33393715,169.37,89.02681177,169.53,35.79093826,169.36,138.40435517,169.55,155.60483486,169.35,198.74985267,169.56,109.34095598,169.34,9.59191409
2024-05-17 19:43:29,169.46,4.68256163,169.45,7.24606817,169.48,36.52929408,169.44,25.31327395,169.49,76.8514226,169.43,50.76804823,169.5,124.72209487,169.42,69.28688804,169.51,52.6773331,169.41,95.63468166,169.52,80.33393715,169.4,87.94460082,169.53,35.79093826,169.39,19.22955721,169.55,155.60483486,169.38,137.32713787,169.56,109.34095598,169.37,80.46681177,169.57,97.35648747,169.36,138.40435517
2024-05-17 19:43:32,169.46,0.22668342,169.45,2.9231806,169.48,36.52929408,169.44,19.14228257,169.49,76.8514226,169.43,50.76804823,169.5,124.72209487,169.42,82.24663712,169.51,52.6773331,169.41,95.63468166,169.52,80.33393715,169.4,87.94460082,169.53,35.79093826,169.39,19.22955721,169.55,155.60483486,169.38,137.32713787,169.56,109.34095598,169.37,80.46681177,169.57,97.35648747,169.36,138.40435517
2024-05-17 19:43:35,169.46,0.56001675,169.45,5.86042046,169.48,36.52929408,169.44,23.59058201,169.49,76.8514226,169.43,66.94205925,169.5,124.72209487,169.42,82.24663712,169.51,52.6773331,169.41,95.63468166,169.52,80.33393715,169.4,87.94460082,169.53,35.79093826,169.39,19.22955721,169.55,155.60483486,169.38,137.32713787,169.56,109.34095598,169.37,80.46681177,169.57,14.72248747,169.36,138.40435517
2024-05-17 19:43:38,169.46,0.5502022,169.45,25.70826853,169.49,24.91407033,169.44,15.56335753,169.5,44.95082144,169.43,66.94205925,169.51,52.6773331,169.42,82.24663712,169.52,80.33393715,169.41,95.63468166,169.53,56.44271921,169.4,87.94460082,169.54,227.16959049,169.39,19.22955721,169.55,155.60483486,169.38,137.32713787,169.56,109.34095598,169.37,80.46681177,169.57,14.72248747,169.36,138.40435517
2024-05-17 19:43:41,169.48,34.91138338,169.46,2.92318063,169.49,24.97663704,169.45,15.38364572,169.5,109.32114921,169.44,16.30304976,169.51,85.99062282,169.43,66.94205925,169.52,80.33393715,169.42,132.02671964,169.53,34.3,169.41,98.43801176,169.54,1.49093826,169.4,41.75578361,169.55,155.60483486,169.39,19.22955721,169.56,109.34095598,169.38,137.32713787,169.57,8.561,169.37,80.46681177
2024-05-17 19:43:44,169.49,13.17628888,169.46,5.51483962,169.5,118.47855878,169.45,15.38364572,169.51,85.99062282,169.44,14.32644994,169.52,80.33393715,169.43,66.94205925,169.53,34.3,169.42,132.02671964,169.54,1.49093826,169.41,98.43801176,169.55,53.29491893,169.4,41.75578361,169.56,109.34095598,169.39,106.94755477,169.57,8.561,169.38,137.32713787,169.58,170.46524917,169.37,80.46681177
2024-05-17 19:43:47,169.49,0.28973889,169.48,2.92318066,169.5,34.95894874,169.47,8.60132472,169.51,50.52760224,169.46,11.80211782,169.52,106.97758378,169.44,6.02495704,169.53,32.11928979,169.43,106.78778199,169.54,40.51482082,169.42,123.7129768,169.55,4.0,169.41,80.10679964,169.56,12.56492286,169.4,150.16934287,169.57,46.90960563,169.39,228.89420399,169.58,146.41335658,169.38,137.32713787
2024-05-17 19:43:50,169.51,4.12536912,169.5,26.13388706,169.53,2.9716791,169.48,83.74240244,169.54,40.51482082,169.47,129.32412011,169.55,57.46968787,169.46,39.42413864,169.56,50.527847,169.45,39.01236653,169.57,34.41488719,169.44,40.29913866,169.58,34.16806867,169.43,132.14974093,169.59,29.48430184,169.42,158.63631653,169.6,153.95396622,169.41,55.59471321,169.61,91.181,169.4,41.82136948
2024-05-17 19:43:53,169.56,0.11122982,169.55,15.38364572,169.59,39.93535879,169.54,10.69177779,169.6,19.50864572,169.53,10.75024138,169.61,5.00000001,169.51,5.13922186,169.62,4.0,169.5,43.26543103,169.63,41.17439122,169.49,46.75036926,169.64,84.91811569,169.48,162.9214855,169.65,115.4874343,169.47,125.31806093,169.66,64.68700013,169.46,79.01010002,169.67,100.96864896,169.45,177.08654126
2024-05-17 19:43:56,169.59,3.94734419,169.56,15.38364572,169.6,91.41268694,169.55,14.74551508,169.61,78.07081533,169.54,11.79641201,169.62,38.48248541,169.53,5.00000004,169.63,32.9395129,169.52,97.31133043,169.64,47.52409642,169.51,123.2668706,169.65,115.4874343,169.5,37.55164033,169.66,31.30000003,169.49,57.07278661,169.67,42.02876001,169.48,176.06508429,169.68,136.33894345,169.47,154.8201224
2024-05-17 19:43:59,169.59,0.00415322,169.55,24.09619434,169.6,71.0235513,169.54,11.79641201,169.61,62.68716961,169.53,5.00000004,169.62,38.48248541,169.52,97.31133043,169.63,44.0855233,169.51,123.2668706,169.64,133.50286679,169.5,41.45164033,169.65,115.4874343,169.49,57.07278661,169.66,31.30000003,169.48,120.66276536,169.67,42.02876001,169.47,150.9201224,169.68,136.33894345,169.46,149.77556343
2024-05-17 19:44:02,169.59,74.75216726,169.55,30.1027424,169.6,71.0235513,169.53,5.00000004,169.61,62.68716961,169.52,97.31133043,169.62,38.48248541,169.51,123.2668706,169.63,85.72911876,169.5,41.45164033,169.64,304.60973754,169.49,86.57258579,169.65,136.12496324,169.48,120.66276536,169.66,31.30000003,169.47,121.41806093,169.67,42.02876001,169.46,149.77556343,169.68,48.23033856,169.45,53.40405089
2024-05-17 19:44:05,169.56,36.85979965,169.53,17.90747747,169.57,35.57807089,169.52,11.79777583,169.58,139.54675177,169.51,67.72609677,169.59,55.95552789,169.5,59.66843064,169.6,59.63990558,169.49,103.41985842,169.62,36.84544127,169.48,78.73681715,169.63,115.20547175,169.47,125.31806093,169.64,304.60973754,169.46,108.5144179,169.65,106.65188814,169.45,38.02040517,169.66,70.77740025,169.44,79.79098451
2024-05-17 19:44:09,169.56,36.85979965,169.53,17.90747747,169.57,48.07309409,169.52,11.79777583,169.58,138.93978493,169.51,67.72609677,169.59,55.95552789,169.5,59.66843064,169.6,59.63990558,169.49,103.41985842,169.61,25.80117237,169.48,78.73681715,169.62,57.48637916,169.47,125.31806093,169.63,115.20547175,169.46,108.5144179,169.64,304.60973754,169.45,38.02040517,169.65,106.65188814,169.44,79.79098451
2024-05-17 19:44:11,169.56,0.00144692,169.53,15.38364572,169.57,48.07309409,169.52,11.79777583,169.58,135.95704907,169.51,67.72609677,169.59,44.16210818,169.5,59.66843064,169.6,59.63990558,169.49,103.41985842,169.61,25.80117237,169.48,78.73681715,169.62,57.48637916,169.47,125.31806093,169.63,115.20547175,169.46,108.5144179,169.64,304.60973754,169.45,38.02040517,169.65,106.65188814,169.44,79.79098451
2024-05-17 19:44:14,169.56,0.66646734,169.53,21.39441698,169.57,19.21085731,169.52,47.22424474,169.58,11.79394302,169.51,45.61913782,169.59,44.16210818,169.5,95.91935388,169.6,59.63990558,169.49,64.66727142,169.61,25.80117237,169.48,47.99616274,169.62,71.58610265,169.47,125.31806093,169.63,29.47635299,169.46,108.5144179,169.64,98.23444816,169.45,38.02040517,169.65,86.0143592,169.44,51.96199699
2024-05-17 19:44:17,169.56,28.93762201,169.54,17.96362592,169.57,0.00246727,169.53,52.11291232,169.58,11.79394302,169.52,134.05779743,169.59,62.5457539,169.51,45.61913782,169.6,108.82298385,169.5,48.91230071,169.61,58.73358529,169.49,64.66727142,169.62,71.58610265,169.48,47.99616274,169.63,29.47635299,169.47,125.31806093,169.64,39.80268072,169.46,72.91455208,169.65,79.40916686,169.45,108.78993763
2024-05-17 19:44:20,169.56,15.3820442,169.55,0.35643752,169.57,0.00246727,169.54,17.96362592,169.58,11.79394302,169.53,55.38042865,169.59,21.30682634,169.52,130.87924216,169.6,108.82298385,169.51,90.4964016,169.61,58.73358529,169.5,48.91230071,169.62,71.58610265,169.49,64.66727142,169.63,29.47635299,169.48,47.99616274,169.64,135.82073011,169.47,207.89706093,169.65,79.40916686,169.46,72.91455208
2024-05-17 19:44:23,169.56,15.3820442,169.55,16.12092104,169.57,0.00246727,169.54,58.62932345,169.59,14.7933159,169.53,135.69224343,169.6,74.14349133,169.52,34.24707335,169.61,72.26132478,169.51,60.48985142,169.62,104.78595832,169.5,48.91230071,169.63,29.47635299,169.49,64.66727142,169.64,135.82073011,169.48,47.99616274,169.65,79.40916686,169.47,207.89706093,169.66,42.91419305,169.46,72.91455208
2024-05-17 19:44:26,169.56,15.3820442,169.55,15.38364572,169.57,0.00246727,169.54,58.62932345,169.59,14.7933159,169.53,123.89498098,169.6,74.14349133,169.52,46.0448033,169.61,72.26132478,169.51,60.48985142,169.62,104.78595832,169.5,48.91230071,169.63,29.47635299,169.49,64.66727142,169.64,135.82073011,169.48,47.99616274,169.65,79.40916686,169.47,207.89706093,169.66,42.91419305,169.46,72.91455208
2024-05-17 19:44:29,169.56,15.3820442,169.55,25.47475627,169.57,0.00246727,169.54,44.62416167,169.58,11.79406379,169.53,109.97452398,169.59,3.0,169.52,46.0448033,169.6,111.41935664,169.51,60.48985142,169.61,72.26132478,169.5,48.91230071,169.62,104.78595832,169.49,64.66727142,169.63,29.47635299,169.48,47.99616274,169.64,116.59117294,169.47,207.89706093,169.65,79.40916686,169.46,72.91455208
2024-05-17 19:44:32,169.56,15.3820442,169.55,4.88576847,169.57,0.00246727,169.54,39.39661489,169.58,11.79406379,169.53,60.56659991,169.59,130.23228133,169.52,100.77810227,169.6,58.75984561,169.51,106.57400538,169.61,25.80117237,169.5,40.36230071,169.62,71.58610265,169.49,64.66727142,169.63,302.36650038,169.48,47.99616274,169.64,137.23016272,169.47,207.89706093,169.65,79.40916686,169.46,72.91455208
2024-05-17 19:44:35,169.65,16.83521234,169.62,15.38364572,169.66,102.17123056,169.61,0.01587999,169.67,119.73160495,169.6,73.63601419,169.68,83.53189008,169.59,127.08486067,169.69,90.51456945,169.58,73.09378641,169.7,46.21565549,169.57,63.58052382,169.71,82.76606576,169.56,160.44014314,169.72,74.5308325,169.55,43.02722924,169.73,45.25505868,169.54,50.02490625,169.74,170.65910143,169.53,53.65730355
2024-05-17 19:44:38,169.65,30.89149835,169.64,15.38364572,169.66,14.73481369,169.62,14.75925384,169.67,61.48948986,169.61,11.80740303,169.68,160.31654963,169.6,109.17344763,169.69,41.84339686,169.59,139.52886067,169.7,71.30071723,169.58,73.09378641,169.71,84.14331545,169.57,63.58052382,169.72,76.02177076,169.56,156.54014314,169.73,96.21833218,169.55,72.51654174,169.74,115.85041197,169.54,158.77740145
2024-05-17 19:44:41,169.65,30.69909195,169.63,19.99036279,169.66,16.10835864,169.62,11.79099365,169.67,60.78301348,169.61,0.01587999,169.68,158.36273241,169.6,109.17344763,169.69,41.84339686,169.59,139.52886067,169.7,71.30071723,169.58,73.09378641,169.71,84.14331545,169.57,63.58052382,169.72,76.02177076,169.56,239.10714314,169.73,96.21833218,169.55,72.51654174,169.74,115.85041197,169.54,88.04531142
2024-05-17 19:44:44,169.65,26.42565059,169.63,11.39571261,169.66,30.17175337,169.62,30.21510418,169.67,87.95432032,169.61,24.93568854,169.68,131.19203497,169.6,65.79015848,169.69,41.84339686,169.59,139.52886067,169.7,71.30071723,169.58,73.09378641,169.71,84.14331545,169.57,63.58052382,169.72,76.02177076,169.56,239.10714314,169.73,96.21833218,169.55,72.51654174,169.74,115.85041197,169.54,88.04531142
2024-05-17 19:44:47,169.62,55.53860785,169.6,15.38364572,169.63,149.01935639,169.59,8.57532491,169.64,69.69822941,169.58,35.99324224,169.65,79.23176757,169.57,92.55108688,169.66,57.36644968,169.56,126.32611313,169.67,12.88668684,169.55,94.67746792,169.69,80.28521404,169.54,91.94531142,169.7,64.58417117,169.53,15.6782625,169.71,0.15006576,169.52,126.77373135,169.72,1.55238808,169.51,174.49942147
2024-05-17 19:44:50,169.63,52.40005157,169.61,15.38364572,169.64,54.31458369,169.6,24.74091791,169.65,147.55729096,169.59,36.66042905,169.66,84.5385853,169.58,49.0115657,169.67,56.79740486,169.57,137.56507665,169.68,35.12857437,169.56,239.19214928,169.69,80.28521404,169.55,47.02722924,169.7,64.58417117,169.54,121.43644064,169.72,1.49093826,169.53,15.6782625,169.73,96.18039456,169.52,97.28006164
2024-05-17 19:44:53,169.63,30.83695638,169.62,27.25171517,169.64,0.0028798,169.61,37.18114202,169.65,55.90035842,169.6,96.84630982,169.66,103.16384103,169.59,67.99928748,169.67,104.34239324,169.58,92.78692369,169.68,51.91561317,169.57,59.58052382,169.69,74.53003951,169.56,208.16206229,169.7,71.13936918,169.55,72.5166566,169.72,1.49093826,169.54,88.04531142,169.73,14.10890616,169.53,86.41443875
2024-05-17 19:44:56,169.63,36.88792709,169.61,27.17531946,169.64,66.87544932,169.6,10.44079152,169.65,55.90035842,169.59,71.33404723,169.66,118.54748675,169.58,87.20653755,169.67,100.74681449,169.57,107.7956776,169.68,40.12857444,169.56,231.68897603,169.69,14.68000007,169.55,72.5166566,169.7,35.12,169.54,88.04531142,169.71,38.6895012,169.53,15.6782625,169.72,30.95160091,169.52,96.91761647
2024-05-17 19:44:59,169.63,27.14639523,169.62,27.17470809,169.64,19.53110344,169.6,10.44079152,169.65,55.90035842,169.59,71.33404723,169.66,53.22894162,169.58,87.20653755,169.67,88.95874752,169.57,137.28167981,169.68,51.91571877,169.56,208.16206229,169.69,14.68000007,169.55,43.02722924,169.7,35.12,169.54,88.04531142,169.71,38.6895012,169.53,15.6782625,169.72,30.95160091,169.52,167.65811548
2024-05-17 19:45:02,169.63,27.14639523,169.62,26.86765145,169.64,8.58910651,169.61,58.30107562,169.65,61.25882181,169.6,57.08165197,169.66,51.55684553,169.59,55.08462156,169.67,88.95874752,169.58,122.09856918,169.68,116.53986147,169.57,89.06652603,169.69,77.56304834,169.56,208.16206229,169.7,71.78213046,169.55,43.02722924,169.71,38.6895012,169.54,88.04531142,169.72,30.95160091,169.53,86.41459801
2024-05-17 19:45:05,169.62,28.95979269,169.59,44.43370515,169.63,99.40832337,169.58,49.0115657,169.64,117.07787002,169.57,59.58052382,169.65,61.25882181,169.56,102.5810945,169.66,63.34539863,169.55,43.02722924,169.67,60.79740486,169.54,79.51633478,169.68,35.12857437,169.53,57.81302306,169.69,31.31034955,169.52,118.6837922,169.7,64.58452853,169.51,122.91154257,169.71,265.6233455,169.5,394.54822707
2024-05-17 19:45:08,169.62,20.55132226,169.6,33.83724751,169.63,97.18935827,169.59,24.47342753,169.64,101.6942243,169.58,49.0115657,169.65,76.64246753,169.57,59.58052382,169.66,63.34539863,169.56,215.57060579,169.67,60.79740486,169.55,43.02722924,169.68,35.12857437,169.54,79.51633478,169.69,31.31034955,169.53,57.81302306,169.7,168.09592149,169.52,118.6837922,169.71,265.6233455,169.51,193.65631674
2024-05-17 19:45:11,169.62,20.55132226,169.6,33.83724751,169.63,23.5288939,169.59,24.47342753,169.64,95.63527522,169.58,49.0115657,169.65,122.26421791,169.57,59.58052382,169.66,63.34539863,169.56,215.57060579,169.67,60.79740486,169.55,43.02722924,169.68,35.12857437,169.54,79.51633478,169.69,31.31034955,169.53,57.81302306,169.7,168.09592149,169.52,118.6837922,169.71,265.6233455,169.51,122.91154257
2024-05-17 19:45:14,169.62,20.55132226,169.6,33.70459149,169.63,23.5288939,169.59,24.47342753,169.64,111.01892094,169.58,49.0115657,169.65,106.88057219,169.57,59.58052382,169.66,63.34539863,169.56,215.57060579,169.67,60.79740486,169.55,43.02722924,169.68,35.12857437,169.54,79.51633478,169.69,31.31034955,169.53,57.81302306,169.7,168.09592149,169.52,118.6837922,169.71,265.6233455,169.51,122.91154257
2024-05-17 19:45:17,169.62,19.93899509,169.6,33.69869596,169.63,23.5288939,169.59,24.47342753,169.64,111.01892094,169.58,49.0115657,169.65,106.88057219,169.57,59.58052382,169.66,63.34539863,169.56,215.57060579,169.67,60.79740486,169.55,43.02722924,169.68,35.12857437,169.54,79.51633478,169.69,31.3124177,169.53,57.81302306,169.7,85.21694616,169.52,118.6837922,169.72,1.49093826,169.51,193.65640513
2024-05-17 19:45:20,169.62,56.58364974,169.6,15.37364572,169.63,73.44286956,169.59,27.72230197,169.64,95.63527522,169.58,49.0115657,169.65,76.63246753,169.57,86.60259047,169.66,63.34539863,169.56,123.24996745,169.67,16.88668684,169.55,43.02722924,169.69,160.93444423,169.54,79.51633478,169.7,291.54112242,169.53,57.81302306,169.72,1.49093826,169.52,217.07605765,169.73,110.28930077,169.51,86.58496377
2024-05-17 19:45:23,169.62,149.79344456,169.58,60.13021148,169.63,64.01010205,169.57,48.03329904,169.64,64.20696168,169.56,64.16389188,169.65,73.03799027,169.55,121.35265926,169.66,51.55684553,169.54,50.02490625,169.67,37.51910447,169.53,57.81302306,169.69,140.3020266,169.52,118.6837922,169.7,291.54112242,169.51,45.33552248,169.71,33.14712419,169.5,130.73403269,169.72,72.24148275,169.49,129.21620154
2024-05-17 19:45:26,169.62,305.16108301,169.61,1e-08,169.63,69.02547155,169.54,15.80574805,169.64,156.93971212,169.53,75.2127208,169.65,139.65798867,169.52,82.54,169.66,101.66527542,169.51,51.62073957,169.67,12.88668684,169.5,115.7880265,169.68,221.03393458,169.49,56.06512192,169.69,70.76578809,169.48,82.74434181,169.7,321.39809477,169.47,127.47092245,169.71,229.03657294,169.46,78.0673891
2024-05-17 19:45:29,169.56,17.0124115,169.53,8.528,169.57,50.43474442,169.52,112.67149134,169.58,82.23323777,169.51,16.79827654,169.59,87.68454922,169.5,48.28296567,169.6,72.36131358,169.49,112.62486456,169.61,53.08737529,169.48,45.13182437,169.62,147.80212655,169.47,87.95957902,169.63,48.62645633,169.46,162.13757231,169.64,65.86806161,169.45,81.00767488,169.65,139.65798867,169.44,58.8064242
2024-05-17 19:45:32,169.55,0.81438289,169.52,82.54,169.56,17.0124115,169.51,37.63483894,169.57,58.95044633,169.5,52.81196567,169.58,42.93733321,169.49,67.01982225,169.59,55.69561741,169.48,49.13182437,169.6,68.36131358,169.47,87.95957902,169.61,53.08737529,169.46,74.37998265,169.62,194.98051015,169.45,81.00767488,169.63,48.62645633,169.44,49.21451011,169.64,272.27256985,169.43,196.12177815
2024-05-17 19:45:35,169.58,1.00648372,169.57,83.235627,169.62,45.97560671,169.56,87.67505366,169.63,64.01010205,169.55,90.96968863,169.64,106.61233667,169.54,68.15197178,169.65,75.82235415,169.53,62.28192191,169.66,34.1337499,169.52,117.50530612,169.67,29.46901051,169.51,26.03537689,169.68,34.1337499,169.5,58.10393576,169.69,122.18050804,169.49,60.92994453,169.7,108.05011934,169.48,57.2499624
2024-05-17 19:45:38,169.58,3.38678348,169.57,96.45309459,169.62,47.17560671,169.56,108.00085996,169.63,64.01010205,169.55,90.96968863,169.64,106.61233667,169.54,68.15197178,169.65,75.82235415,169.53,62.28192191,169.66,34.1337499,169.52,117.50530612,169.67,73.62713617,169.51,26.03537689,169.68,34.1337499,169.5,87.59534093,169.69,122.18050804,169.49,131.68304545,169.7,108.05011934,169.48,19.22955723
2024-05-17 19:45:41,169.64,0.0028798,169.63,0.24732894,169.65,26.41565059,169.62,27.82664433,169.66,19.38215318,169.61,74.97925809,169.67,13.10572251,169.6,0.43433375,169.69,44.25764323,169.59,45.83427052,169.7,110.89809868,169.58,47.04069736,169.71,92.34431389,169.57,71.80198672,169.72,42.01130691,169.56,60.80115818,169.73,44.57916414,169.55,57.13797015,169.74,201.00411818,169.54,87.66876697
2024-05-17 19:45:44,169.62,12.40880371,169.6,0.51878753,169.63,37.1703411,169.59,14.57666137,169.64,82.52170359,169.58,50.57668299,169.65,103.72707952,169.57,14.04866129,169.66,108.15841779,169.56,83.10997582,169.67,104.01881546,169.55,136.43365331,169.68,39.40611454,169.54,50.29840228,169.72,6.60519237,169.53,29.31126291,169.73,74.03906601,169.52,165.66193142,169.74,76.9182286,169.51,33.74381445
2024-05-17 19:45:47,169.58,18.14087827,169.56,8.524,169.59,39.85896108,169.54,57.18016916,169.6,74.73451082,169.53,66.56544745,169.61,55.03247377,169.52,86.54,169.62,102.46962271,169.51,60.26542021,169.63,117.89476021,169.5,56.26694075,169.64,105.30114191,169.49,58.47290505,169.65,180.64530812,169.48,193.99572456,169.66,51.10721859,169.47,125.97998419,169.67,42.57513617,169.46,82.24023841
2024-05-17 19:45:50,169.57,10.60880373,169.53,64.45794706,169.58,18.14087827,169.52,82.54,169.59,75.26671005,169.51,18.1504738,169.6,133.52191596,169.5,58.949055,169.61,80.37614558,169.49,144.0875909,169.62,56.59874825,169.48,110.06768301,169.63,66.41127723,169.47,125.97998419,169.64,68.05092951,169.46,82.24023841,169.65,107.08387921,169.45,79.77831465,169.66,51.10721859,169.44,105.46519509
2024-05-17 19:45:53,169.52,23.95215999,169.49,13.33320185,169.53,5.42544982,169.48,26.37521758,169.54,41.98952061,169.47,26.45534068,169.55,68.08785198,169.46,8.87500007,169.56,68.93938923,169.45,3.9,169.57,95.95477764,169.44,55.4772431,169.58,75.75493913,169.43,171.85884831,169.59,58.80713721,169.42,206.06299186,169.6,59.042,169.41,562.86489718,169.61,251.15313475,169.4,107.25315974
2024-05-17 19:45:56,169.52,15.38364572,169.49,13.33320185,169.53,4.99581906,169.48,19.22955724,169.54,90.03554674,169.47,36.07659177,169.55,79.8838012,169.46,21.59602351,169.56,57.14408873,169.45,48.38541746,169.57,104.47977764,169.44,134.45365263,169.58,75.75493913,169.43,133.83844314,169.59,265.22869361,169.42,162.78866716,169.6,59.042,169.41,529.65779965,169.61,251.15313475,169.4,74.48554833
2024-05-17 19:45:59,169.52,17.62223223,169.49,7.64507559,169.53,14.63132143,169.48,15.38364572,169.54,26.79470014,169.47,51.82787754,169.55,121.19200628,169.46,58.96693908,169.56,134.06402319,169.45,48.38541746,169.57,67.11688633,169.44,134.45365263,169.58,44.48873293,169.43,80.94149634,169.59,265.22869361,169.42,87.55210238,169.6,236.91126914,169.41,529.65779965,169.61,251.15313475,169.4,38.10967712
2024-05-17 19:46:02,169.51,16.71499147,169.49,1.53333713,169.52,54.73872918,169.47,25.8929206,169.53,102.34418206,169.46,32.06038307,169.54,102.86798622,169.45,20.94697021,169.55,81.89788172,169.44,55.64738796,169.56,113.41553291,169.43,30.97851609,169.57,240.81259743,169.42,67.36908365,169.58,8.63511537,169.41,50.3394968,169.59,265.22869361,169.4,74.0892172,169.6,162.59403607,169.39,164.57357638
2024-05-17 19:46:06,169.44,1.96836307,169.43,5.82363485,169.45,30.20985066,169.42,10.60940378,169.46,31.22687844,169.41,15.38364572,169.47,25.72320903,169.4,14.84756714,169.48,125.932551,169.39,58.25475923,169.49,73.01465725,169.38,147.44779922,169.5,140.91192088,169.37,119.84600776,169.51,151.53099651,169.36,45.19779042,169.52,64.24901986,169.35,85.19994643,169.54,16.48867352,169.34,51.79377204
2024-05-17 19:46:08,169.44,43.81517569,169.42,10.66394841,169.46,38.71398823,169.41,15.38364572,169.47,50.12232455,169.4,13.2322985,169.48,123.10230887,169.39,113.4866078,169.49,36.05337062,169.38,91.07506739,169.5,111.73703987,169.37,38.59789471,169.51,151.53099651,169.36,45.19779042,169.52,64.24901986,169.35,44.45467286,169.53,206.50440183,169.34,134.91775661,169.54,139.68741286,169.33,182.25449482
2024-05-17 19:46:11,169.44,30.89064348,169.41,10.71751166,169.45,27.18669889,169.4,18.23015019,169.46,52.17562734,169.39,101.67973591,169.47,50.12232455,169.38,102.88277158,169.48,143.7603084,169.37,38.59789471,169.49,36.05337062,169.36,45.19779042,169.5,111.73703987,169.35,82.49452772,169.51,358.10001516,169.34,134.91775661,169.52,29.49561493,169.33,182.25449482,169.53,206.50440183,169.32,81.53335143
2024-05-17 19:46:14,169.44,40.18542082,169.41,10.71751168,169.45,48.06519578,169.4,23.9356352,169.46,84.06360588,169.39,54.7333802,169.47,168.67434329,169.38,94.30812853,169.48,38.39393929,169.37,88.94204574,169.49,37.71807174,169.36,53.78827356,169.5,113.26621864,169.35,67.54451279,169.51,358.11098751,169.34,205.00645867,169.52,29.49561493,169.33,119.8708109,169.53,206.50440183,169.32,5.08885379
2024-05-17 19:46:17,169.44,12.05100803,169.41,36.51169971,169.45,36.75939313,169.4,64.22776258,169.46,47.7599038,169.39,42.92654481,169.47,71.33271548,169.38,94.30812853,169.48,117.9706342,169.37,102.20015602,169.49,37.71807174,169.36,53.78827356,169.5,113.26621864,169.35,98.94451284,169.51,130.8831155,169.34,135.40930071,169.52,63.78969313,169.33,119.8708109,169.53,90.39583433,169.32,5.08885379
2024-05-17 19:46:20,169.44,21.11816546,169.41,16.97360935,169.45,57.43836932,169.4,55.952575,169.46,133.93379352,169.39,88.41778711,169.47,71.33271548,169.38,94.30812853,169.48,72.66719673,169.37,53.54929929,169.49,37.71807174,169.36,53.78827356,169.5,113.26621864,169.35,98.94451284,169.51,108.85072622,169.34,147.52749027,169.52,29.49561493,169.33,119.8708109,169.53,90.39583433,169.32,31.97885379
2024-05-17 19:46:23,169.44,20.73279203,169.41,5.64818443,169.45,53.70054262,169.4,55.952575,169.46,133.93379352,169.39,88.41778711,169.47,71.33271548,169.38,94.30812853,169.48,72.66719673,169.37,53.54929929,169.49,37.71807174,169.36,53.78827356,169.5,113.26621864,169.35,60.92410767,169.51,108.85072622,169.34,147.52749027,169.52,29.49561493,169.33,116.15911854,169.53,90.39583433,169.32,31.97885379
2024-05-17 19:46:26,169.44,0.01109533,169.41,8.1545879,169.45,30.13658267,169.4,35.94107806,169.46,79.5776473,169.39,86.54904078,169.47,76.68821459,169.38,102.60496164,169.48,116.74634682,169.37,64.5226896,169.49,82.45578634,169.36,74.19945656,169.5,113.26621864,169.35,29.52410762,169.51,108.85072622,169.34,145.09695858,169.52,29.49561493,169.33,116.15911854,169.54,16.48867352,169.32,102.80021126
2024-05-17 19:46:29,169.44,3.7378267,169.41,16.56469682,169.45,52.04959834,169.4,47.74741837,169.46,125.36876739,169.39,74.74245162,169.47,73.68821459,169.38,102.60496164,169.48,70.95522673,169.37,64.5226896,169.49,82.45578634,169.36,74.19945656,169.5,113.26621864,169.35,29.52410762,169.51,108.85072622,169.34,145.09695858,169.52,29.49561493,169.33,116.15911854,169.54,16.48867352,169.32,102.80021126
2024-05-17 19:46:32,169.44,15.38364572,169.41,16.49541745,169.45,36.66595262,169.4,47.74741837,169.46,125.36876739,169.39,74.74245162,169.47,73.68821459,169.38,102.60496164,169.48,70.95522673,169.37,64.5226896,169.49,82.45578634,169.36,74.19945656,169.5,113.26621864,169.35,29.52410762,169.51,108.85072622,169.34,145.09695858,169.52,29.49561493,169.33,116.15911854,169.54,22.65114638,169.32,102.80021126
2024-05-17 19:46:35,169.44,36.56113458,169.4,22.42134406,169.45,67.04007958,169.39,59.63662406,169.46,126.24617483,169.38,93.93488394,169.47,73.68821459,169.37,94.80272385,169.48,39.86247153,169.36,122.74807293,169.49,82.45578634,169.35,29.52410762,169.5,113.26621864,169.34,45.48227279,169.51,108.85072622,169.33,116.15911854,169.52,29.49561493,169.32,5.08885379,169.54,93.47930473,169.31,255.74156975
2024-05-17 19:46:41,169.42,0.56470635,169.4,22.2202887,169.43,10.80919603,169.39,59.63662406,169.44,37.08227772,169.38,56.76668715,169.45,75.57007958,169.37,94.80272385,169.46,126.24617483,169.36,119.33007293,169.47,85.81706795,169.35,29.52410762,169.48,267.10985846,169.34,45.48227279,169.49,82.45578634,169.33,119.57711854,169.5,113.26621864,169.32,112.71733792,169.51,108.85072622,169.31,255.74156975
2024-05-17 19:46:44,169.42,8.51633526,169.41,1.349,169.43,94.94924632,169.38,35.35627984,169.44,104.05962442,169.37,37.8556538,169.45,93.22893294,169.36,85.70913665,169.46,72.6527052,169.35,105.41204204,169.47,143.56738145,169.34,45.48227279,169.48,292.61197227,169.33,86.12893315,169.49,82.45578634,169.32,66.38078204,169.5,103.66110104,169.31,1.49093826,169.51,150.58282375,169.3,9.26774603
2024-05-17 19:46:47,169.41,15.46827963,169.38,8.4937182,169.42,92.61594341,169.37,30.36332577,169.43,44.97184733,169.36,84.50016313,169.44,104.05962442,169.35,105.41204204,169.45,93.23222691,169.34,45.48227279,169.46,279.24123877,169.33,86.12893315,169.47,143.56738145,169.32,66.38078204,169.48,256.74950074,169.31,122.0975185,169.49,82.45578634,169.3,46.02446209,169.5,103.66110104,169.29,167.49631018
2024-05-17 19:46:50,169.41,15.46827963,169.38,10.66394849,169.42,104.42130896,169.37,33.93891178,169.43,33.16755687,169.36,80.79192278,169.44,104.05962442,169.35,105.41204204,169.45,93.23234893,169.34,45.48227279,169.46,279.24123877,169.33,86.12893315,169.47,143.56738145,169.32,66.38078204,169.48,256.74950074,169.31,122.0975185,169.49,82.45578634,169.3,9.26774603,169.5,103.66110104,169.29,167.49631018
2024-05-17 19:46:53,169.4,15.38364572,169.37,18.55526606,169.41,45.87869851,169.36,103.09402611,169.42,129.37428041,169.35,105.41204204,169.43,83.13896489,169.34,45.48227279,169.44,89.36030435,169.33,86.12893315,169.45,62.85846602,169.32,66.38078204,169.46,357.88523877,169.31,122.0975185,169.47,143.56738145,169.3,43.65194037,169.48,256.74950074,169.29,167.49631018,169.49,82.45578634,169.28,113.94752826
2024-05-17 19:46:56,169.4,0.61874504,169.37,18.55526606,169.41,87.90197799,169.36,60.14325144,169.42,86.06573642,169.35,108.88843944,169.43,83.13896489,169.34,45.48227279,169.44,89.36030435,169.33,116.49533057,169.45,62.85846602,169.32,66.38078204,169.46,357.88523877,169.31,122.0975185,169.47,143.56738145,169.3,131.69506146,169.48,256.74950074,169.29,160.06480239,169.49,82.45578634,169.28,50.54076675
2024-05-17 19:46:59,169.41,16.71829611,169.4,20.03508597,169.42,17.9914339,169.37,22.47239303,169.43,83.13896489,169.36,48.33437957,169.44,168.30249192,169.35,108.88843944,169.45,62.85846602,169.34,45.48227279,169.46,357.88523877,169.33,116.49533057,169.47,143.56738145,169.32,66.38078204,169.48,256.74950074,169.31,122.0975185,169.49,82.45578634,169.3,123.16506146,169.5,57.61678047,169.29,160.06480239
2024-05-17 19:47:02,169.36,3.9,169.33,6.16954538,169.37,15.75597988,169.32,32.73785156,169.38,44.81342421,169.31,76.38980326,169.39,125.46539568,169.3,35.12194037,169.4,89.25118677,169.29,57.88657379,169.41,140.14429832,169.28,38.70846846,169.42,51.01985853,169.27,82.82967001,169.43,109.65844754,169.26,76.84874637,169.44,80.24842934,169.25,68.12562978,169.45,42.19595262,169.24,227.96106534
2024-05-17 19:47:05,169.36,4.08616708,169.33,36.97597313,169.37,31.44679342,169.32,149.54296804,169.38,65.15040671,169.31,56.93424771,169.39,125.46539568,169.3,40.12194041,169.4,107.67450356,169.29,57.88657379,169.41,81.10229832,169.28,37.2175302,169.42,51.01985853,169.27,113.03967001,169.43,88.99654424,169.26,155.7176516,169.44,286.31112816,169.25,62.18506025,169.45,33.66595262,169.24,117.67593986
2024-05-17 19:47:08,169.35,0.75630271,169.33,21.61430755,169.36,15.38364572,169.32,144.01368347,169.37,16.0631477,169.31,68.74664607,169.38,101.91897292,169.3,40.12194041,169.39,125.46539568,169.29,57.88657379,169.4,107.36513104,169.28,37.2175302,169.41,81.10229832,169.27,82.82967001,169.42,257.69625485,169.26,155.7176516,169.43,88.99654424,169.25,92.70506025,169.44,252.07650064,169.24,46.82095132
2024-05-17 19:47:11,169.35,4.65630271,169.32,36.92004779,169.36,30.61015445,169.31,119.87385214,169.37,107.36655911,169.3,51.93507347,169.38,88.26948716,169.29,57.88657379,169.39,85.84763458,169.28,37.2175302,169.4,107.36513104,169.27,82.82967001,169.41,56.16441534,169.26,190.46346018,169.42,287.20891921,169.25,62.18506025,169.43,88.99654424,169.24,78.63095132,169.44,222.56687152,169.23,599.68960499
2024-05-17 19:47:14,169.34,12.76401744,169.31,22.88052678,169.35,48.0962856,169.3,90.1349567,169.36,98.24564732,169.29,130.37529079,169.37,53.63347446,169.28,37.2175302,169.38,88.26948716,169.27,82.82967001,169.39,33.37486504,169.26,191.24754789,169.4,74.57445229,169.25,65.18506025,169.41,53.29733269,169.24,81.29616586,169.42,250.25204715,169.23,528.83042507,169.43,88.99654424,169.22,251.66590394
2024-05-17 19:47:17,169.34,11.88044003,169.31,24.199937,169.35,72.53677554,169.3,108.66993792,169.36,109.86933086,169.29,127.92986933,169.37,66.72524334,169.28,42.21753028,169.38,133.60867346,169.27,86.82967001,169.39,33.37486504,169.26,112.37864266,169.4,256.58894531,169.25,63.69412199,169.41,143.98883612,169.24,117.54934859,169.42,250.25204715,169.23,530.32136333,169.43,2.75723261,169.22,220.02590394
2024-05-17 19:47:20,169.31,0.16255647,169.3,0.44248206,169.32,28.2722943,169.29,43.87580151,169.33,29.95227894,169.28,49.3236075,169.34,65.844293,169.27,148.04189976,169.35,130.61724078,169.26,47.40098418,169.36,84.07645882,169.25,41.0058665,169.37,89.77380052,169.24,38.55492259,169.38,155.70717297,169.23,1.49093826,169.39,81.16324132,169.21,29.54835216,169.4,277.13001437,169.2,204.73183907
2024-05-17 19:47:23,169.31,13.73895426,169.3,0.44248206,169.32,31.0505995,169.28,7.0018088,169.33,53.99934864,169.27,57.0870226,169.34,99.6865591,169.26,64.09186975,169.35,130.61724078,169.25,50.54757553,169.36,84.07645882,169.24,34.55492259,169.37,89.77380052,169.22,84.88453989,169.38,361.65721512,169.21,31.03929042,169.39,81.16324132,169.2,127.81361047,169.4,243.3016664,169.19,117.43862326
2024-05-17 19:47:26,169.29,18.14087825,169.26,8.46843019,169.3,49.8180438,169.25,67.27038677,169.31,186.90411116,169.24,113.4589325,169.32,76.52018177,169.23,49.00822946,169.33,76.61639988,169.22,43.10658355,169.34,39.5994987,169.21,69.0544158,169.35,181.20803355,169.2,158.91621005,169.36,308.32895413,169.19,59.46005143,169.37,66.35290918,169.18,62.6409857,169.38,288.68129696,169.17,137.47252575
2024-05-17 19:47:29,169.26,47.99758274,169.23,9.84579219,169.27,57.07105833,169.22,66.65708149,169.28,127.35109378,169.21,131.10411,169.29,79.85872288,169.2,47.41534972,169.3,87.26437966,169.19,54.32982447,169.31,182.7585277,169.18,60.63000921,169.32,36.99817935,169.17,55.0844036,169.33,1.49093826,169.16,145.8901172,169.34,103.24136536,169.15,596.02434045,169.35,135.73473119,169.14,929.26537838
2024-05-17 19:47:32,169.27,31.50054361,169.26,47.83032665,169.29,0.09603461,169.25,46.55388903,169.3,46.87275945,169.24,131.76073084,169.31,77.95200456,169.23,45.10168689,169.32,52.9391817,169.22,46.11811122,169.33,85.24415604,169.21,62.05013528,169.34,69.92900138,169.2,126.97297179,169.35,121.96223252,169.19,34.42706196,169.36,53.86614061,169.18,49.38917929,169.37,120.06492324,169.17,39.51134343
2024-05-17 19:47:35,169.27,29.69153699,169.26,104.6812966,169.29,0.09603461,169.25,76.899315,169.3,26.02294335,169.24,86.30243532,169.31,112.09885723,169.23,45.10168689,169.32,89.85098939,169.22,46.11811122,169.33,85.24415604,169.21,62.05013528,169.34,69.92900138,169.2,163.91304917,169.35,121.96223252,169.19,34.42706196,169.36,53.86614061,169.18,49.38917929,169.37,120.06492324,169.17,110.39841809
2024-05-17 19:47:38,169.27,29.69335197,169.26,28.83013023,169.28,19.22955724,169.25,30.15495099,169.29,45.54420944,169.24,52.52904257,169.3,106.34742441,169.23,126.53772662,169.31,96.7150254,169.22,46.11811122,169.32,41.91180777,169.21,62.05013528,169.33,48.6962903,169.2,163.91304917,169.34,161.54530601,169.19,73.33676689,169.35,121.96223252,169.18,84.57944325,169.36,47.0000265,169.17,39.51134343
2024-05-17 19:47:41,169.27,29.69335197,169.26,52.73759667,169.3,17.79657406,169.25,79.33722477,169.31,94.69142394,169.24,84.68409588,169.32,115.79719692,169.23,45.10168689,169.33,81.05623396,169.22,46.11811122,169.34,54.01323784,169.21,62.05013528,169.35,405.96820419,169.2,163.91304917,169.36,83.00394992,169.19,34.42706196,169.37,12.78836086,169.18,49.38917929,169.38,76.9182286,169.17,110.39846318
2024-05-17 19:47:44,169.27,5.18567489,169.26,79.17888141,169.31,39.5835531,169.25,44.35534744,169.32,57.30613254,169.24,35.48427793,169.33,64.07993602,169.23,45.10168689,169.34,170.61013821,169.22,46.11811122,169.35,157.85833454,169.21,136.25555586,169.36,83.00394992,169.2,164.82158596,169.37,12.78836086,169.19,34.42706196,169.38,112.69460692,169.18,49.38917929,169.39,3.49578499,169.17,51.75403579
2024-05-17 19:47:45,169.27,5.18567489,169.26,158.97306556,169.31,43.1835531,169.25,44.35534744,169.32,57.30613254,169.24,35.48427793,169.33,64.07993602,169.23,45.10168689,169.34,170.61013821,169.22,46.11811122,169.35,157.85833454,169.21,136.25555586,169.36,83.00394992,169.2,164.82158596,169.37,12.78836086,169.19,34.42706196,169.38,112.69460692,169.18,49.38917929,169.39,3.49578499,169.17,51.75403579
2024-05-17 19:47:47,169.27,29.6416784,169.26,51.62754113,169.31,55.31649285,169.25,115.35385182,169.32,74.09280667,169.24,84.25981582,169.33,48.6962903,169.23,78.11614109,169.34,122.73711518,169.22,46.11811122,169.35,157.85833454,169.21,136.25555586,169.36,83.00394992,169.2,164.82158596,169.37,12.78836086,169.19,34.42706196,169.38,112.46479479,169.18,54.47803308,169.39,96.94161058,169.17,60.29372766
2024-05-17 19:47:50,169.27,29.6416784,169.26,27.63511886,169.29,14.66001144,169.24,98.84087537,169.3,108.96236362,169.23,125.44261831,169.31,113.9456785,169.22,46.11811122,169.32,50.43335252,169.21,114.18930074,169.33,48.6962903,169.2,198.67549173,169.34,91.48800768,169.19,34.42706196,169.35,157.85833454,169.18,91.12169595,169.36,47.0000265,169.17,60.29372766,169.37,12.78836086,169.16,70.88711104
2024-05-17 19:47:53,169.27,30.64137466,169.26,42.76279119,169.29,14.66001144,169.25,14.77153194,169.3,108.96236362,169.24,110.65810085,169.31,113.9456785,169.23,125.44261831,169.32,50.43335252,169.22,46.11811122,169.33,48.6962903,169.21,90.08928735,169.34,112.16321926,169.2,198.67549173,169.35,385.28566195,169.19,34.42706196,169.36,47.0000265,169.18,91.12169595,169.37,12.78836086,169.17,60.29372766
2024-05-17 19:47:56,169.27,30.64137466,169.26,15.38364572,169.29,29.53954252,169.25,14.41636125,169.3,108.96236362,169.24,11.81722548,169.31,113.9456785,169.23,87.5368381,169.32,50.43335252,169.22,125.11282399,169.33,48.6962903,169.21,114.18930073,169.34,112.16321926,169.2,198.67549173,169.35,302.60066195,169.19,34.42706196,169.36,47.0000265,169.18,91.12169595,169.37,95.49536086,169.17,60.29372766
2024-05-17 19:47:59,169.27,30.51198802,169.26,2.75723252,169.28,57.2681544,169.25,24.03314322,169.29,76.83525036,169.24,11.81722548,169.3,78.10172571,169.23,92.68132419,169.31,98.56203278,169.22,92.49530654,169.32,50.43335252,169.21,144.78094708,169.33,29.84401453,169.2,198.67549173,169.34,76.40618704,169.19,34.42706196,169.35,302.60066195,169.18,91.12169595,169.36,47.0000265,169.17,60.29372766
2024-05-17 19:48:02,169.25,45.8928808,169.22,9.04833666,169.26,80.22317807,169.21,25.29789557,169.27,71.92377515,169.2,12.94287481,169.28,37.51724689,169.19,45.60145363,169.29,18.66001144,169.18,149.03911864,169.3,38.26125477,169.17,87.13394533,169.31,60.25900903,169.16,74.42520013,169.32,128.80056649,169.15,43.61122727,169.33,232.59368693,169.14,153.42659968,169.34,85.25837592,169.13,59.86216877
2024-05-17 19:48:05,169.24,113.14471564,169.22,10.66394843,169.25,34.90857156,169.21,30.72543073,169.26,79.08366293,169.2,24.76299309,169.27,52.74550536,169.19,50.31439707,169.28,40.47466969,169.18,52.94144053,169.29,20.1509497,169.17,83.95276509,169.3,99.76854825,169.16,81.87912265,169.31,80.93446496,169.15,126.50844994,169.32,148.35101536,169.14,72.04625665,169.33,232.59368693,169.13,30.30025109
2024-05-17 19:48:08,169.23,76.75535922,169.2,10.66394835,169.24,69.67846432,169.19,42.58407695,169.25,56.65786751,169.18,44.26829026,169.26,67.26717282,169.17,121.08090454,169.27,53.74550536,169.16,118.49322744,169.28,129.70471642,169.15,93.14739692,169.29,93.0691783,169.14,109.92157057,169.3,129.30247095,169.13,198.72699249,169.31,267.06489496,169.12,138.59707008,169.32,118.82030074,169.11,211.71631255
2024-05-17 19:48:11,169.24,124.41832163,169.21,2.62813644,169.25,53.28313383,169.2,23.90971032,169.26,82.60631635,169.19,48.06895051,169.27,75.92377523,169.18,94.56408351,169.28,33.7672468,169.17,107.97462476,169.29,14.66001144,169.16,73.33471002,169.3,69.28611573,169.15,93.14739692,169.31,39.5835531,169.14,109.92157057,169.32,8.531,169.13,198.72699249,169.34,116.55831803,169.12,21.9022186
2024-05-17 19:48:14,169.24,130.37052858,169.21,10.6113857,169.25,53.28313383,169.2,23.90971032,169.26,102.95058936,169.19,90.49632752,169.27,75.92377523,169.18,129.02357382,169.28,33.7672468,169.17,107.97462476,169.29,14.66001144,169.16,73.33471002,169.3,69.28611573,169.15,93.14739692,169.31,39.5835531,169.14,109.92157057,169.32,29.26750146,169.13,198.72699249,169.33,94.80540005,169.12,21.9022186
2024-05-17 19:48:17,169.24,119.70658021,169.21,18.01178216,169.25,37.89948811,169.2,14.42037985,169.26,118.33423508,169.19,90.49632752,169.27,75.92377523,169.18,129.02357382,169.28,33.7672468,169.17,107.97462476,169.29,14.66001144,169.16,73.33471002,169.3,69.28611573,169.15,93.14739692,169.31,39.5835531,169.14,109.92157057,169.32,29.26750146,169.13,198.72699249,169.33,94.80540005,169.12,21.9022186
2024-05-17 19:48:20,169.25,88.13867749,169.23,27.35192402,169.26,71.09277139,169.22,30.15787114,169.27,52.90271288,169.21,16.81938033,169.28,52.04927647,169.2,3.9,169.29,51.38289021,169.19,104.63829629,169.3,83.89662781,169.18,133.19944775,169.31,28.91980305,169.17,94.95966687,169.32,36.91103768,169.16,44.07846667,169.33,112.25983011,169.15,36.43308095,169.34,45.65000004,169.14,114.42513471
2024-05-17 19:48:23,169.24,100.56770883,169.21,36.19039943,169.25,59.96719871,169.2,47.24229719,169.26,119.56946188,169.19,67.86029177,169.27,64.71819113,169.18,107.60069438,169.28,52.04927647,169.17,89.47180556,169.29,28.6749497,169.16,44.07846667,169.3,48.07990849,169.15,36.43308095,169.31,28.91980305,169.14,225.57961049,169.32,36.91103768,169.13,150.40456473,169.33,148.84420701,169.12,193.66828136
2024-05-17 19:48:26,169.21,0.26726679,169.19,2.63629295,169.22,21.62345763,169.18,24.49844269,169.23,172.89998545,169.17,15.65086707,169.24,58.1297869,169.16,6.75723261,169.25,80.54803706,169.15,47.13573016,169.26,92.07659665,169.14,81.34459587,169.27,34.51594819,169.13,41.96666001,169.28,15.21104175,169.12,135.82166722,169.29,329.07195258,169.11,158.12091563,169.3,48.07990849,169.1,70.91469068
2024-05-17 19:48:29,169.23,14.41594337,169.2,23.90973736,169.24,30.25289817,169.19,14.45684399,169.25,62.11165483,169.18,55.23760594,169.26,71.39392983,169.17,108.19735197,169.27,34.51594819,169.16,81.56239921,169.28,342.44945619,169.15,78.32274397,169.29,151.81181666,169.14,34.81772326,169.3,48.07990849,169.13,40.34243018,169.31,28.91980305,169.12,101.58357728,169.32,110.2893007,169.11,128.55548756
2024-05-17 19:48:32,169.22,14.11024979,169.19,49.65182733,169.23,79.4061869,169.18,83.99103393,169.24,92.00074484,169.17,108.19735197,169.25,75.41246929,169.16,81.56239921,169.26,92.0786753,169.15,78.32274397,169.27,34.51594819,169.14,34.81772326,169.28,342.44945619,169.13,40.34243018,169.29,151.81181666,169.12,101.58357728,169.3,48.07990849,169.11,128.55548756,169.31,28.91980305,169.1,81.128341
2024-05-17 19:48:35,169.22,27.24557341,169.19,23.85756045,169.23,83.05202392,169.18,48.02457873,169.24,79.43063152,169.17,108.19735197,169.25,63.59537133,169.16,81.56239921,169.26,92.0786753,169.15,78.32274397,169.27,118.07069096,169.14,34.81772326,169.28,258.47328804,169.13,40.34243018,169.29,151.81181666,169.12,138.80113419,169.3,48.07990849,169.11,217.20080207,169.31,28.91980305,169.1,81.128341
2024-05-17 19:48:38,169.21,13.78801416,169.19,10.49153056,169.22,127.02567699,169.18,36.5848073,169.23,86.79151894,169.17,60.70127423,169.24,57.91372269,169.16,126.44603383,169.25,94.16694062,169.15,74.42274397,169.26,92.0786753,169.14,34.81772326,169.27,34.51594819,169.13,40.34243018,169.28,222.04749133,169.12,243.34316073,169.29,151.81181666,169.11,128.55548756,169.3,48.07990849,169.1,10.21208945
2024-05-17 19:48:41,169.21,2.48277568,169.19,15.16927598,169.22,29.13317803,169.18,36.5848073,169.23,133.33433135,169.17,60.70127423,169.24,66.43872269,169.16,126.01318572,169.25,75.41249664,169.15,74.42274397,169.26,71.39392983,169.14,34.81772326,169.27,34.51594819,169.13,40.34243018,169.28,49.00466673,169.12,240.20419999,169.29,122.60514984,169.11,128.55548756,169.3,48.07990849,169.1,81.12849139
2024-05-17 19:48:44,169.21,2.47633478,169.19,23.84495823,169.22,29.13317803,169.18,27.54768855,169.23,133.33433135,169.17,60.70127423,169.24,66.43872269,169.16,126.01318572,169.25,75.41249664,169.15,74.42274397,169.26,71.39392983,169.14,34.81772326,169.27,34.51594819,169.13,40.34243018,169.28,49.00466673,169.12,240.20419999,169.29,122.60514984,169.11,128.55548756,169.3,48.07990849,169.1,81.12849139
2024-05-17 19:48:48,169.22,0.38619494,169.21,38.54414935,169.24,31.05858152,169.2,69.96186556,169.25,46.88283588,169.19,125.45255908,169.26,96.85241088,169.18,52.03918375,169.27,114.534958,169.17,60.70127423,169.28,44.44862505,169.16,41.09525207,169.29,14.66001144,169.15,29.55943936,169.3,85.31018688,169.13,149.44295251,169.31,28.91980305,169.12,206.12560382,169.32,139.82044385,169.11,161.44720867
2024-05-17 19:48:50,169.26,13.75891985,169.25,4.58397659,169.27,49.71130707,169.24,38.72808053,169.28,64.15205565,169.23,101.83979402,169.29,109.81748505,169.22,89.48481653,169.3,225.45225353,169.21,42.7378285,169.31,76.21472098,169.2,39.83752139,169.32,40.50279478,169.19,45.36382593,169.33,36.58437684,169.18,131.19700154,169.34,112.1477799,169.17,42.44950687,169.35,67.5363801,169.15,130.35315224
2024-05-17 19:48:53,169.26,6.75342303,169.25,4.58397659,169.27,49.71130707,169.24,23.34443481,169.28,64.15205565,169.23,129.04161807,169.29,109.81748505,169.22,89.48481653,169.3,225.45225353,169.21,42.7378285,169.31,76.21472098,169.2,39.83752139,169.32,40.50279478,169.19,45.36382593,169.33,36.58437684,169.18,131.19700154,169.34,112.1477799,169.17,42.44950687,169.35,67.5363801,169.15,41.73209753
2024-05-17 19:48:56,169.24,2.75723255,169.22,24.82762111,169.25,11.09190261,169.21,67.56647129,169.26,59.76710313,169.2,114.20220547,169.27,123.73685803,169.19,45.36382593,169.28,85.410479,169.18,94.66753463,169.29,86.44456382,169.17,42.44950687,169.3,176.57118688,169.16,72.55484103,169.31,76.21472098,169.14,30.40669662,169.32,40.50279478,169.13,176.78842604,169.33,36.58437684,169.12,92.3223031
2024-05-17 19:48:59,169.25,31.98016558,169.23,6.13967854,169.26,96.4091722,169.22,24.82762107,169.27,123.73685803,169.21,58.12147422,169.28,85.410479,169.2,114.04656565,169.29,86.44456382,169.19,45.36382593,169.3,93.83018688,169.18,97.07659637,169.31,235.72324427,169.17,42.44950687,169.32,4.0,169.16,74.04577929,169.33,36.58437684,169.14,82.30407559,169.34,157.64850151,169.13,176.78842604
2024-05-17 19:49:02,169.24,3.44633764,169.23,45.3289798,169.26,37.6067779,169.22,2.75723257,169.27,91.07293379,169.21,68.49590936,169.28,134.78674995,169.2,114.04656565,169.29,86.44456382,169.19,45.36382593,169.3,93.83018688,169.18,97.07659637,169.31,277.08393251,169.17,42.44950687,169.32,40.92385529,169.16,74.04577929,169.33,36.58437684,169.15,88.62364761,169.34,157.64850151,169.14,153.20299362
2024-05-17 19:49:05,169.25,2.29755842,169.23,33.17859945,169.26,56.34481112,169.22,5.00000001,169.27,140.92524332,169.21,72.7895527,169.28,84.93444042,169.2,68.80993734,169.29,86.44456382,169.19,45.36382593,169.3,93.83018688,169.18,55.52119451,169.31,28.91980305,169.17,123.11829048,169.32,39.10083383,169.16,76.43211797,169.33,36.58437684,169.14,82.30407559,169.34,157.64850151,169.13,147.04857664
2024-05-17 19:49:08,169.25,1.89857003,169.23,32.87115541,169.26,55.9316382,169.22,5.00000001,169.27,101.14677965,169.21,72.7895527,169.28,100.31808614,169.2,118.59271986,169.29,86.44456382,169.19,45.36382593,169.3,93.83018688,169.18,55.52119451,169.31,28.91980305,169.17,123.11829048,169.32,39.10083383,169.16,76.43211797,169.33,36.58437684,169.14,141.42625542,169.34,157.64850151,169.13,147.04857664
2024-05-17 19:49:11,169.25,41.15740353,169.23,5.66927416,169.26,140.82668938,169.22,20.38364573,169.27,88.96245333,169.21,50.71106013,169.28,50.93382677,169.2,124.84130196,169.29,86.44465924,169.19,75.68933899,169.3,93.83018688,169.18,55.52119451,169.31,28.91980305,169.17,123.11829048,169.32,4.0,169.16,122.73050092,169.33,66.1128188,169.15,73.90272482,169.34,157.64850151,169.14,141.42625542
2024-05-17 19:49:14,169.25,1.89857003,169.23,17.48723201,169.26,78.93215638,169.22,20.38364574,169.27,110.35933094,169.21,60.05818917,169.28,76.77005327,169.2,110.08245667,169.29,74.63032682,169.19,105.24180589,169.3,105.64383172,169.18,55.52119451,169.31,28.91980305,169.17,93.56241813,169.32,39.22390983,169.16,122.73050092,169.33,36.58437684,169.15,73.90272482,169.34,157.64850151,169.14,89.52887645
2024-05-17 19:49:17,169.26,14.80619812,169.25,2.17781332,169.27,30.4817499,169.24,34.17289103,169.28,56.43024942,169.23,47.20196138,169.29,104.40375513,169.22,69.1296006,169.3,126.19305937,169.21,95.74774056,169.31,268.21515235,169.2,90.78241268,169.32,59.90413172,169.19,74.91629283,169.33,36.58437684,169.18,55.52119451,169.34,194.44339684,169.17,93.56241813,169.35,154.46960327,169.16,85.80972638
2024-05-17 19:49:21,169.26,0.00285669,169.25,32.02459586,169.27,29.59148241,169.24,81.21700286,169.28,47.98845806,169.23,129.44248781,169.29,107.11982147,169.22,44.00129033,169.3,119.04311811,169.21,51.23156533,169.31,100.62769917,169.2,137.43512278,169.32,39.22390983,169.19,30.20948144,169.33,96.37997698,169.18,15.72622252,169.34,194.44339684,169.17,93.56241813,169.35,1.49093826,169.16,91.17858017
2024-05-17 19:49:23,169.27,22.89939364,169.25,32.02459586,169.28,47.98845806,169.24,81.21700286,169.29,88.43863809,169.23,129.44248781,169.3,119.04311811,169.22,44.00129033,169.31,100.62769917,169.21,51.23156533,169.32,39.22390983,169.2,137.43512278,169.33,96.37997698,169.19,30.20948144,169.34,194.44339684,169.18,15.72622252,169.35,1.49093826,169.17,93.56241813,169.36,39.19710065,169.16,99.69158017
2024-05-17 19:49:26,169.27,22.93939363,169.26,19.67335785,169.29,69.27408609,169.25,27.79251321,169.3,166.2530602,169.24,81.73755813,169.31,100.62769917,169.23,129.44248781,169.32,39.22390983,169.22,44.00129033,169.33,96.37997698,169.21,51.23156533,169.34,194.44339684,169.2,137.43512278,169.36,40.68803891,169.19,30.20948144,169.38,206.85179364,169.18,15.72622252,169.39,158.65351288,169.17,93.56241813
2024-05-17 19:49:29,169.27,1.29579788,169.26,80.44162934,169.3,35.20120361,169.25,102.43125115,169.31,65.03311077,169.24,84.46707157,169.32,162.81601232,169.23,68.46864766,169.33,45.09737684,169.22,52.23117106,169.34,165.17589538,169.21,43.33156533,169.35,4.0,169.2,136.74009021,169.36,74.28823788,169.19,68.22988661,169.38,79.82513986,169.18,15.72622252,169.39,111.02785319,169.17,314.21011837
2024-05-17 19:49:32,169.27,1.28371242,169.26,170.79475517,169.29,4.37434003,169.25,85.98888631,169.3,38.80120361,169.24,52.10726942,169.31,65.03311077,169.23,68.46864766,169.32,162.81601232,169.22,52.23117106,169.33,45.09737684,169.21,72.88045183,169.34,165.17589538,169.2,100.06627473,169.35,4.0,169.19,38.67741971,169.36,74.28823788,169.18,15.72622252,169.37,96.14778576,169.17,314.21006588
2024-05-17 19:49:35,169.3,12.5120276,169.28,6.71061987,169.31,63.49722697,169.27,48.28888681,169.32,136.69684966,169.26,157.97014576,169.33,87.74335684,169.25,53.05219225,169.34,165.17589538,169.24,52.10726942,169.35,4.0,169.23,68.46864766,169.36,44.76380008,169.22,52.23117106,169.37,125.66957009,169.21,72.88045183,169.38,110.41506595,169.2,100.06627473,169.39,111.02785319,169.19,38.67741971
2024-05-17 19:49:38,169.3,6.34841756,169.28,26.48952625,169.31,63.49722697,169.27,54.16453678,169.32,134.74090337,169.26,146.73191404,169.33,87.74335684,169.25,83.28663094,169.34,165.17589538,169.24,52.10726942,169.35,4.0,169.23,68.46864766,169.36,44.76380008,169.22,52.23117106,169.37,125.66957009,169.21,72.88045183,169.38,110.41506595,169.2,100.06627473,169.39,0.73855244,169.19,38.67741971
2024-05-17 19:49:41,169.3,14.69136203,169.29,15.30229508,169.31,55.31157478,169.28,2.50983983,169.32,84.67897625,169.27,36.63302288,169.33,150.5443193,169.26,158.54779597,169.34,165.17589538,169.25,83.28663094,169.35,4.0,169.24,52.10726942,169.36,44.76380008,169.23,68.46864766,169.37,125.66957009,169.22,52.23117106,169.38,110.41506595,169.21,72.88045183,169.39,0.73855244,169.2,100.06627473
2024-05-17 19:49:44,169.3,0.35459209,169.27,33.50707776,169.31,54.13622366,169.26,144.51104378,169.32,84.67897625,169.25,83.28663094,169.33,163.6127218,169.24,52.10726942,169.34,36.79489533,169.23,68.46864766,169.35,24.6735013,169.22,52.23117106,169.36,298.99885435,169.21,72.88045183,169.37,125.66957009,169.2,84.68262901,169.38,110.41506595,169.19,38.67741971,169.39,0.73855244,169.18,86.60753742
2024-05-17 19:49:47,169.3,10.94335233,169.28,15.38364572,169.31,49.2276214,169.27,39.81904809,169.32,84.67897625,169.26,149.88371777,169.33,116.19503682,169.25,83.99028137,169.34,36.79489533,169.24,52.10726942,169.35,89.84137526,169.23,68.46864766,169.36,298.99885435,169.22,52.23117106,169.37,125.66957009,169.21,72.88045183,169.38,110.41506595,169.2,100.06627473,169.39,0.73855244,169.19,38.67741971
2024-05-17 19:49:50,169.3,0.15096496,169.28,15.38364572,169.31,46.99273638,169.27,39.81904809,169.32,133.63278975,169.26,143.82858503,169.33,100.8113911,169.25,83.99028137,169.34,36.79489533,169.24,52.10726942,169.35,89.84137526,169.23,68.46864766,169.36,298.99885435,169.22,52.23117106,169.37,29.52178433,169.21,72.88045183,169.38,32.00589909,169.2,100.06627473,169.39,2.2294907,169.19,109.55621104
2024-05-17 19:49:53,169.3,0.15005683,169.29,0.39222583,169.31,46.99273638,169.28,29.79781339,169.32,133.63278975,169.27,39.81904809,169.33,116.19504104,169.26,143.82858503,169.34,36.79489533,169.25,83.99028137,169.35,4.0,169.24,52.10726942,169.36,71.59034002,169.23,68.46864766,169.37,117.68776026,169.22,52.23117106,169.38,108.92412769,169.21,72.88045183,169.39,2.2294907,169.2,100.06627473
2024-05-17 19:49:56,169.3,9.34426069,169.28,24.03202408,169.31,48.94087118,169.27,67.28626709,169.32,133.63278975,169.26,143.82858503,169.33,116.19504104,169.25,83.99028137,169.34,36.79489533,169.24,52.10726942,169.35,68.53840015,169.23,66.9777094,169.36,92.26481859,169.22,53.72210932,169.37,117.68776026,169.21,72.88045183,169.38,108.92412769,169.2,100.06627473,169.39,2.2294907,169.19,38.67741971
2024-05-17 19:49:59,169.3,6.61251594,169.28,8.64837836,169.31,48.94087118,169.27,82.66991281,169.32,133.63278975,169.26,143.82858503,169.33,116.19504104,169.25,83.99028137,169.34,36.79489533,169.24,52.10726942,169.35,47.86392158,169.23,66.9777094,169.36,71.59034002,169.22,53.72210932,169.37,117.68776026,169.21,72.88045183,169.38,108.92412769,169.2,100.06627473,169.39,2.2294907,169.19,118.0621313
2024-05-17 19:50:02,169.3,9.13729618,169.28,17.60217386,169.31,37.07231635,169.27,55.20269381,169.32,133.63278975,169.26,143.82858503,169.33,100.81139532,169.25,83.99028137,169.34,36.79489533,169.24,52.10726942,169.35,275.28318586,169.23,66.9777094,169.36,92.26481859,169.22,53.72210932,169.37,29.52178433,169.21,72.88045183,169.38,32.00589909,169.2,100.06627473,169.39,105.61574079,169.19,47.18341971
2024-05-17 19:50:05,169.3,6.38006358,169.28,17.60217386,169.31,50.30175444,169.27,55.20269381,169.32,133.63278975,169.26,143.6782663,169.33,116.19504104,169.25,83.99028137,169.34,36.79489533,169.24,52.10726942,169.35,68.53840015,169.23,66.9777094,169.36,92.26481859,169.22,53.72210932,169.37,29.52178433,169.21,72.88045183,169.38,108.92412769,169.2,100.06627473,169.39,105.61574079,169.19,118.06208713
2024-05-17 19:50:08,169.29,1.40377566,169.28,0.64050243,169.3,72.45588323,169.27,39.81904809,169.31,50.30175444,169.26,79.90911875,169.32,100.06262197,169.25,83.99028137,169.33,92.29839532,169.24,52.10726942,169.34,36.79489533,169.23,66.9777094,169.35,77.04440015,169.22,53.72210932,169.36,299.0096043,169.21,72.88045183,169.37,29.52178433,169.2,134.33844902,169.38,108.92412769,169.19,47.18341971
2024-05-17 19:50:12,169.29,50.47093082,169.28,0.64050243,169.3,90.32200194,169.27,11.81543486,169.31,113.27919021,169.26,15.40127244,169.32,84.67897625,169.25,48.36270901,169.33,92.29839532,169.24,130.74242069,169.34,243.54945465,169.23,25.44502218,169.35,77.04440015,169.22,54.2334283,169.36,263.91846707,169.21,139.83818727,169.37,29.52178433,169.2,134.33844902,169.38,108.92412769,169.19,48.67435797
2024-05-17 19:50:14,169.29,23.71056398,169.27,44.18085313,169.3,0.07640297,169.26,49.8201457,169.32,15.89211771,169.25,14.21091917,169.33,90.6263811,169.24,23.27145344,169.34,348.65488814,169.23,74.45373669,169.35,56.36992158,169.22,54.2334283,169.36,300.29935077,169.21,29.5488865,169.37,29.52178433,169.2,23.14804613,169.38,68.91603266,169.19,249.10360595,169.39,105.61574079,169.18,86.60635274
2024-05-17 19:50:17,169.29,24.40907288,169.28,61.73657975,169.3,0.07640297,169.27,32.3658605,169.31,28.03820647,169.26,43.82994158,169.32,51.15647395,169.25,14.21091917,169.33,49.65277934,169.24,23.27145344,169.34,141.90021816,169.23,74.45373669,169.35,56.36992158,169.22,54.2334283,169.36,300.29935077,169.21,29.5488865,169.38,61.52551592,169.2,153.44644838,169.39,84.9324907,169.19,232.06636416
2024-05-17 19:50:20,169.29,24.33824597,169.27,90.15782849,169.3,0.07640297,169.26,43.82994158,169.31,28.03820647,169.25,14.21091917,169.32,99.15153126,169.24,23.27145344,169.33,61.46403668,169.23,74.45373669,169.34,104.54326354,169.22,54.2334283,169.35,56.36992158,169.21,29.5488865,169.36,300.29935077,169.2,153.44644838,169.38,155.5477292,169.19,232.06636416,169.39,84.9324907,169.18,109.31455245
2024-05-17 19:50:23,169.29,23.71563242,169.27,116.16530572,169.3,0.07640297,169.26,48.52057891,169.31,25.95563797,169.25,18.21091917,169.32,109.71966298,169.24,16.45336051,169.33,59.43548643,169.23,70.45373669,169.34,98.7313872,169.22,85.96120314,169.35,56.36992158,169.21,37.36874174,169.36,300.30008378,169.2,153.44644838,169.38,157.03866746,169.19,232.06636416,169.39,83.44155244,169.18,15.72622252
2024-05-17 19:50:26,169.29,23.48068595,169.28,11.73340028,169.3,0.07640297,169.27,55.16485503,169.32,36.48856852,169.26,48.52057891,169.33,79.57101898,169.25,74.94246931,169.34,94.424008,169.24,62.02239811,169.35,56.36992158,169.23,70.45373669,169.36,46.05354655,169.22,85.96120314,169.37,75.13692872,169.21,37.36874174,169.38,190.82264131,169.2,153.44644838,169.39,83.44155244,169.19,232.06636416
2024-05-17 19:50:29,169.29,50.83660922,169.27,125.38917444,169.3,0.07640297,169.26,48.52057891,169.31,24.47455499,169.25,18.21091917,169.32,97.10357825,169.24,16.45336051,169.33,78.63212798,169.23,25.34502218,169.34,104.46385792,169.22,91.63221543,169.35,88.07355793,169.21,37.36874174,169.36,46.05354655,169.2,153.44644838,169.37,75.13692872,169.19,232.06636416,169.38,63.01645418,169.18,15.72622252
2024-05-17 19:50:32,169.37,29.7115403,169.35,30.46672205,169.39,83.44155244,169.34,25.10978456,169.42,10.87412769,169.33,51.80061264,169.43,13.90749353,169.32,47.10168662,169.44,61.76711261,169.31,46.24499716,169.45,92.71852019,169.3,75.05030669,169.46,37.30744812,169.29,45.84376095,169.47,43.74559705,169.28,51.39823822,169.48,42.26673945,169.27,67.48138216,169.49,32.98952138,169.26,62.46143761
2024-05-17 19:50:35,169.43,4.54006247,169.42,55.1655357,169.44,0.16185014,169.41,70.65540827,169.45,0.11476278,169.4,52.08024783,169.46,0.06183422,169.39,40.20102209,169.47,0.07926188,169.38,44.50191208,169.48,10.57983559,169.37,92.94008128,169.49,8.59301579,169.36,198.87626563,169.5,0.11465059,169.35,108.22029285,169.51,100.61244049,169.34,47.81553408,169.52,93.62846672,169.33,58.7737894
2024-05-17 19:50:38,169.48,0.16045322,169.47,38.4007118,169.49,0.09101579,169.46,37.15972322,169.5,0.11465059,169.45,0.68307304,169.51,0.20930286,169.44,5.94993634,169.52,0.07333409,169.43,88.639923,169.53,4.50000007,169.42,202.68997737,169.54,3.6,169.41,195.88629056,169.55,86.16741094,169.4,124.65843739,169.56,70.27066098,169.39,48.02087733,169.57,46.31654728,169.38,127.19291208
2024-05-17 19:50:41,169.52,0.03200933,169.5,1.31116673,169.53,4.50000005,169.49,12.90119936,169.54,3.6,169.48,6.28737874,169.55,49.81474024,169.47,21.14498108,169.56,88.77081538,169.46,0.81304232,169.57,146.40329953,169.45,54.92874382,169.58,167.39832893,169.44,45.46127977,169.59,157.92242202,169.43,86.36184631,169.6,48.41469039,169.42,208.8282439,169.61,8.499,169.41,91.05468548
2024-05-17 19:50:44,169.48,0.34029534,169.46,11.5521952,169.49,36.93115352,169.45,4.55325794,169.5,30.30904889,169.44,21.54496281,169.51,46.65312853,169.43,13.66141763,169.52,123.02726913,169.42,50.72543502,169.53,76.40143458,169.41,35.41404229,169.54,48.19861426,169.4,11.57532131,169.55,44.10997482,169.39,154.23744039,169.56,41.40179213,169.38,185.30557985,169.57,20.50189818,169.37,159.21484727
2024-05-17 19:50:47,169.5,0.6214304,169.48,10.48957856,169.51,29.18722259,169.45,28.11111326,169.52,37.3225028,169.44,21.54496281,169.53,55.37137795,169.43,14.14230797,169.54,105.67209786,169.42,46.87913612,169.55,105.46922314,169.41,232.25905369,169.56,41.40179213,169.4,119.5061403,169.57,51.40109258,169.39,154.23744039,169.58,82.92345875,169.38,142.68680468,169.59,119.39553948,169.37,189.18796265
2024-05-17 19:50:50,169.5,0.2383085,169.49,11.8001062,169.51,2.95439798,169.48,5.00000009,169.52,0.015,169.47,12.3648725,169.53,85.14466036,169.46,6.85439798,169.54,85.41236899,169.45,16.58280112,169.55,47.90570265,169.44,21.58505887,169.56,78.4877942,169.43,43.17055535,169.57,102.62717587,169.42,9.98693826,169.58,118.73648003,169.41,159.9256774,169.59,144.04317679,169.4,48.71550631
2024-05-17 19:50:54,169.5,2.96633753,169.49,11.8001062,169.51,2.95439798,169.47,8.87500001,169.52,41.67689307,169.46,3.9,169.53,118.4741748,169.45,16.58280112,169.54,85.41236899,169.44,51.67272865,169.55,44.30570265,169.43,43.17055535,169.56,52.23991022,169.42,120.27623902,169.57,59.93293169,169.41,100.94127944,169.58,118.73648003,169.4,119.50414195,169.59,123.39553948,169.39,142.77624297
2024-05-17 19:50:56,169.49,48.2950653,169.45,11.61227058,169.5,86.61246684,169.44,38.53897828,169.51,79.65290653,169.43,47.07055535,169.52,36.26089042,169.42,8.496,169.53,44.30570268,169.4,11.57532131,169.54,39.94456208,169.39,78.5810999,169.55,44.30570265,169.38,213.48380536,169.56,44.44456208,169.37,105.97716924,169.57,16.50189818,169.36,33.71019532,169.58,82.92345875,169.35,78.85130957
2024-05-17 19:50:59,169.48,10.07680497,169.47,11.80149879,169.49,58.47556151,169.45,11.61227058,169.5,86.61246684,169.44,38.53897828,169.51,79.65290653,169.43,47.07055535,169.52,36.26089042,169.42,8.496,169.53,56.97815763,169.4,11.57532131,169.54,51.7413089,169.39,125.51661956,169.55,44.30570265,169.38,268.0820292,169.56,44.44456208,169.37,129.84229227,169.57,16.50189818,169.36,33.71019532
2024-05-17 19:51:02,169.48,21.35708389,169.47,8.93003125,169.49,58.54385781,169.45,2.75723258,169.5,120.08177895,169.44,38.53897828,169.51,76.78143899,169.43,47.07055535,169.52,52.1014592,169.42,8.496,169.53,56.97815763,169.4,107.96269411,169.54,51.7413089,169.39,197.04529998,169.55,8.488,169.38,167.45997093,169.56,4.0,169.37,100.3704747,169.57,16.50189818,169.36,104.51501006
2024-05-17 19:51:05,169.48,21.35708389,169.47,8.10611038,169.49,58.67371442,169.44,42.13897828,169.5,119.32657989,169.43,47.07055535,169.51,76.78143899,169.42,8.496,169.52,52.1014592,169.4,107.96269411,169.53,56.97815763,169.39,197.04529998,169.54,51.7413089,169.38,165.13517581,169.55,13.48800009,169.37,171.1716474,169.56,4.0,169.36,33.71019532,169.57,16.50189818,169.35,34.85686491
2024-05-17 19:51:08,169.42,2.75723256,169.4,11.80637544,169.43,35.96872738,169.39,19.471752,169.44,45.17147016,169.38,120.95555725,169.45,42.85479671,169.37,29.51983093,169.46,77.05311683,169.36,51.59226636,169.47,120.5587832,169.35,71.959446,169.48,63.78098041,169.34,48.12090702,169.49,50.44488744,169.33,89.71275785,169.5,38.53474517,169.32,96.66701659,169.51,0.002952,169.31,222.44432978
2024-05-17 19:51:11,169.38,11.07800953,169.37,11.80791176,169.41,22.57572304,169.35,6.75723252,169.42,36.8564188,169.34,34.82743954,169.43,128.37475569,169.33,25.06199538,169.44,144.22132623,169.32,76.45462565,169.45,59.82486493,169.31,102.12145965,169.46,37.78950739,169.3,164.70096731,169.47,67.48609872,169.29,84.28795916,169.48,38.17744837,169.28,581.85565048,169.49,52.16512198,169.27,234.38844606
2024-05-17 19:51:14,169.4,2.75723258,169.37,11.80791176,169.41,26.17572304,169.36,5.00000001,169.42,36.8564188,169.35,6.75723252,169.43,126.03046708,169.34,34.82743954,169.44,123.55978897,169.33,26.54544637,169.45,80.48737833,169.32,76.45462565,169.46,37.78950739,169.31,102.12145965,169.47,67.48609872,169.3,164.70096731,169.48,244.80258234,169.29,84.28795916,169.49,52.16512198,169.28,652.69439039
2024-05-17 19:51:18,169.38,11.30195925,169.37,11.50791176,169.4,18.35228529,169.36,5.00000001,169.41,52.26517141,169.35,6.75723252,169.42,36.8564188,169.34,34.82743954,169.43,126.03046708,169.33,26.54544637,169.44,123.5597901,169.32,76.45462565,169.45,80.48737833,169.31,102.12145965,169.46,37.78950739,169.3,164.70096731,169.47,67.48609872,169.29,84.28795916,169.48,215.11313397,169.28,581.85565048
2024-05-17 19:51:20,169.39,19.24743002,169.37,11.50791176,169.4,29.68944837,169.35,4.0,169.41,41.68332768,169.34,30.69361675,169.42,51.82855955,169.33,71.87426176,169.43,137.83477918,169.32,112.71767791,169.44,111.75597466,169.31,102.12145965,169.45,80.48737833,169.3,79.05594824,169.46,37.78950739,169.29,84.28795916,169.47,25.27409376,169.28,581.85565048,169.48,8.488,169.27,124.67368002
2024-05-17 19:51:23,169.37,20.98021388,169.33,11.81065863,169.38,43.92852596,169.32,14.97084212,169.39,75.04647291,169.31,19.63946923,169.4,172.37719553,169.3,44.26577503,169.41,41.68332768,169.29,154.00369787,169.42,42.37872339,169.28,103.49032911,169.43,6.7155374,169.27,177.79123503,169.44,54.00008534,169.26,131.04768817,169.45,86.05486493,169.25,143.11386813,169.46,33.19647555,169.24,73.16330988
2024-05-17 19:51:26,169.33,0.92762128,169.3,8.46663524,169.34,5.82870916,169.29,30.22657266,169.35,18.3869625,169.28,38.96985256,169.36,11.80936559,169.27,105.1501256,169.37,43.07378905,169.26,88.8875509,169.38,47.92852596,169.25,26.63115798,169.39,141.45941819,169.24,51.41070435,169.4,81.91701972,169.23,324.4337372,169.41,11.24823252,169.22,76.38666156,169.42,241.90815257,169.21,29.54771147
2024-05-17 19:51:29,169.31,2.19467408,169.28,7.02263902,169.32,5.82575717,169.27,14.57202933,169.33,92.31685539,169.26,45.67235338,169.34,83.80435662,169.25,98.84229814,169.35,45.25834271,169.24,106.42855781,169.36,107.10623866,169.23,50.97493315,169.37,63.74423698,169.22,175.16251136,169.38,47.92852596,169.21,29.54771147,169.39,36.28599232,169.2,151.24024342,169.4,74.04659088,169.19,56.04530288
2024-05-17 19:51:32,169.32,0.92762128,169.29,8.52259903,169.33,16.53440537,169.28,11.81473009,169.34,13.51768134,169.27,49.62671127,169.35,99.67602163,169.26,81.46563014,169.36,140.09415588,169.25,149.82171932,169.37,63.74423698,169.24,106.42855781,169.38,47.92852596,169.23,50.97493315,169.39,242.99657768,169.22,175.16251136,169.4,111.40926516,169.21,29.54771147,169.41,252.10326578,169.2,118.2453963
2024-05-17 19:51:35,169.34,0.002952,169.32,2.75723257,169.35,4.5,169.31,11.05764966,169.36,18.37956114,169.3,22.89390603,169.37,93.98813733,169.29,73.91460153,169.38,94.65154981,169.28,120.92011841,169.39,36.28599232,169.27,43.75682398,169.4,135.55112359,169.26,38.55050937,169.41,17.47382125,169.25,70.19036575,169.42,40.11990684,169.24,57.45429349,169.43,66.42077686,169.23,121.84880058
2024-05-17 19:51:38,169.37,6.261149,169.33,16.41997993,169.38,8.0,169.32,9.98789717,169.39,100.35651423,169.31,57.83334709,169.4,147.65640967,169.3,95.14546182,169.41,59.07945816,169.29,84.34731601,169.42,40.11990684,169.28,39.1223693,169.43,121.24270861,169.27,43.75682398,169.44,71.17286232,169.26,38.55050937,169.45,45.95730079,169.25,149.91925637,169.46,71.78409664,169.24,52.76307305
2024-05-17 19:51:41,169.37,29.84442729,169.33,10.62598563,169.38,54.69948717,169.32,14.56918166,169.39,100.35651423,169.31,80.86575888,169.4,147.65640967,169.3,130.36783112,169.41,59.07945816,169.29,84.34731601,169.42,40.11990684,169.28,39.1223693,169.43,32.22749094,169.27,43.75682398,169.44,90.4151348,169.26,38.55050937,169.45,124.55881395,169.25,149.91925637,169.46,71.78409664,169.24,72.11903705
2024-05-17 19:51:44,169.37,31.19254403,169.33,2.75723257,169.38,54.69948717,169.32,13.58775458,169.39,92.9762846,169.31,92.14007721,169.4,147.65640967,169.3,130.36783112,169.41,59.07945816,169.29,97.23127242,169.42,40.11990684,169.28,39.1223693,169.43,77.7463028,169.27,43.75682398,169.44,90.4151348,169.26,38.55050937,169.45,124.55881395,169.25,157.82748209,169.46,71.78409664,169.24,76.95455751
2024-05-17 19:51:47,169.28,1.51568842,169.25,9.28591904,169.29,7.39735136,169.24,25.02882727,169.3,83.77830163,169.23,17.48733451,169.31,5.73022132,169.2,123.60953707,169.32,85.2661548,169.19,202.45916235,169.33,92.75566527,169.18,106.39715447,169.34,78.68505956,169.17,80.3005778,169.35,76.51730196,169.16,48.09346403,169.36,125.29150242,169.15,8.494,169.37,85.34529383,169.14,9.41383141
2024-05-17 19:51:50,169.25,0.59597459,169.23,5.66927416,169.26,1.19194919,169.22,5.05529163,169.27,40.82804653,169.21,11.81953931,169.28,45.94468084,169.17,9.89848027,169.29,3.79735136,169.16,43.25794357,169.3,88.73929549,169.15,79.38677863,169.31,30.41007652,169.14,41.882527,169.32,38.83555413,169.13,200.49636591,169.33,9.08548816,169.12,584.25335322,169.34,41.64041722,169.11,9.80800063
2024-05-17 19:51:53,169.24,3.9,169.23,5.66927416,169.25,0.16550233,169.21,27.95417528,169.26,84.43006434,169.2,12.9077087,169.27,33.32804653,169.17,36.53403815,169.28,45.94468084,169.16,54.73996804,169.29,69.43341927,169.15,156.49456389,169.3,68.06493908,169.14,306.14024958,169.31,27.34155194,169.13,161.10815905,169.32,32.77995069,169.12,619.87462938,169.33,8.494,169.11,51.54009816
2024-05-17 19:51:56,169.24,3.83560643,169.23,5.66927416,169.26,84.43006434,169.22,11.81888564,169.27,33.32804653,169.21,16.13463597,169.28,45.94468084,169.2,12.9077087,169.29,69.43341927,169.17,53.63083346,169.3,81.27811722,169.16,54.73996804,169.31,48.02055158,169.15,156.49456389,169.32,12.10095105,169.14,272.77024958,169.33,215.29255199,169.13,189.93815905,169.34,162.63807126,169.12,619.87462938
2024-05-17 19:51:59,169.24,3.83560643,169.23,5.66927416,169.26,40.33460371,169.22,11.81888564,169.27,48.90521933,169.21,20.46235947,169.28,76.11579169,169.2,16.9077087,169.29,69.43341927,169.19,99.00157867,169.3,81.27811722,169.18,81.2272639,169.31,48.02055158,169.17,99.38649559,169.32,12.10095105,169.16,91.91439092,169.33,215.29255199,169.15,79.38707518,169.34,162.63807126,169.14,102.57418363
2024-05-17 19:52:02,169.27,80.2145062,169.23,17.39028768,169.28,37.12987334,169.22,5.0,169.29,15.61142045,169.21,20.13463597,169.3,81.27811722,169.2,12.9077087,169.31,53.50815494,169.19,83.97716681,169.32,52.37868101,169.18,108.04475415,169.33,9.97745099,169.17,86.32124997,169.34,40.45744089,169.16,198.62555864,169.35,59.52509003,169.15,138.50389237,169.36,104.61714607,169.14,99.57418363
2024-05-17 19:52:05,169.27,80.2145062,169.23,14.40618321,169.28,37.12987334,169.22,5.0,169.29,15.61142045,169.21,20.13463597,169.3,81.27811722,169.2,12.9077087,169.31,53.50815494,169.19,83.97716681,169.32,52.37868101,169.18,108.04475415,169.33,9.97745099,169.17,86.32124997,169.34,40.45744089,169.16,198.62555864,169.35,59.52509003,169.15,138.50389237,169.36,104.61714607,169.14,99.57418363
2024-05-17 19:52:08,169.26,34.94764198,169.23,14.40618321,169.27,80.2145062,169.22,5.0,169.28,37.12987334,169.21,20.13463597,169.29,15.61142045,169.2,12.9077087,169.3,81.27811722,169.19,124.80920192,169.31,6.66169674,169.18,156.09353552,169.32,14.90151449,169.17,86.32124997,169.33,9.97745099,169.16,150.5311593,169.34,72.72063592,169.15,138.50389237,169.35,59.52509003,169.14,99.57418363
2024-05-17 19:52:11,169.31,78.26783485,169.29,0.26363829,169.32,36.61224408,169.28,19.64840237,169.34,46.76877072,169.27,55.73691997,169.35,69.7117198,169.26,29.68944837,169.36,45.03758897,169.25,4.87500003,169.37,6.01671684,169.24,6.65723258,169.38,4.0,169.23,5.34541037,169.39,81.18083039,169.22,117.72125337,169.4,82.718,169.21,207.10467322,169.41,17.50000007,169.2,154.21919151
2024-05-17 19:52:14,169.32,36.47474245,169.29,0.85682443,169.33,45.90760983,169.28,19.65420204,169.34,34.95811545,169.27,67.74970623,169.35,81.52167371,169.26,42.75866027,169.36,45.03758897,169.25,84.11983753,169.37,6.01671684,169.24,129.32273162,169.38,4.0,169.23,51.33611004,169.39,81.18083039,169.22,52.2625335,169.4,82.718,169.21,16.13463597,169.41,17.50000007,169.2,154.21919151
2024-05-17 19:52:17,169.32,1.65412863,169.31,0.21420611,169.35,13.41473359,169.3,17.72921121,169.36,94.48278666,169.29,14.08128493,169.37,65.28315761,169.28,101.69154072,169.38,74.61357754,169.27,135.42532382,169.39,81.18083039,169.26,83.22257973,169.4,119.21060903,169.25,47.54448528,169.41,25.14778525,169.24,41.17316388,169.42,44.996629,169.23,109.13028516,169.43,43.66449812,169.22,152.67196596
2024-05-17 19:52:20,169.32,1.3617137,169.31,8.99294585,169.34,35.75727827,169.3,12.2416311,169.35,44.54197107,169.29,0.85682443,169.36,106.29199747,169.28,102.68364448,169.37,53.47453482,169.27,135.42532382,169.38,41.47967857,169.26,83.22257973,169.39,81.18083039,169.25,47.54448528,169.4,82.718,169.24,93.19730027,169.41,25.14778525,169.23,109.13028516,169.42,44.996629,169.22,152.67196596
2024-05-17 19:52:23,169.32,1.21780651,169.3,9.03612634,169.33,45.78883052,169.29,12.6706088,169.34,35.75727827,169.28,2.75723254,169.35,44.54197107,169.27,55.93443689,169.36,56.84679978,169.26,49.00866034,169.37,53.47453482,169.25,141.33577468,169.38,41.47967857,169.24,138.94707029,169.39,81.18083039,169.23,109.13028516,169.4,82.718,169.22,152.67196596,169.41,25.14778525,169.21,16.13463597
2024-05-17 19:52:26,169.35,46.41361654,169.32,0.13563162,169.36,47.41763402,169.31,14.3480996,169.37,11.6354668,169.3,11.81322932,169.38,47.33400619,169.29,6.38455811,169.39,85.18083039,169.28,103.88695318,169.4,146.73580289,169.27,97.23905852,169.41,25.14778525,169.26,53.61573998,169.42,14.0,169.25,51.67910482,169.43,43.66449812,169.24,170.80834798,169.44,243.16339947,169.23,138.89870837
2024-05-17 19:52:29,169.34,88.45329637,169.31,8.44099727,169.35,32.87305566,169.3,11.81322932,169.36,60.52789741,169.29,6.38455811,169.37,11.6354668,169.28,103.88695318,169.38,47.33400619,169.27,97.23905852,169.39,85.18083039,169.26,53.61573998,169.4,112.23480891,169.25,51.67910482,169.41,25.14778525,169.24,71.73235579,169.42,14.0,169.23,68.03724152,169.43,43.66449812,169.22,173.23928432
2024-05-17 19:52:32,169.34,87.71658482,169.31,8.60311829,169.35,32.87305566,169.3,14.70616129,169.36,60.52789741,169.29,6.38455811,169.37,11.6354668,169.28,44.69685789,169.38,47.33400619,169.27,94.08183364,169.39,85.18083039,169.26,99.52222572,169.4,82.718,169.25,51.67910482,169.41,25.14778525,169.24,82.23151437,169.42,14.0,169.23,68.03724152,169.43,73.17647626,169.22,173.23928432
2024-05-17 19:52:35,169.34,3.92965605,169.31,8.60313106,169.35,32.27654396,169.3,11.94894997,169.36,60.52789741,169.29,6.38455811,169.37,11.6354668,169.28,6.75723261,169.38,47.33400619,169.27,114.18930078,169.39,85.18083039,169.26,99.52222572,169.4,82.718,169.25,90.81920283,169.41,45.81566905,169.24,82.23151437,169.42,275.54000774,169.23,68.03724152,169.43,73.17647626,169.22,173.23928432
2024-05-17 19:52:38,169.34,2.29718848,169.32,8.52129819,169.35,0.37556621,169.31,11.81256199,169.36,129.47692137,169.3,0.13563162,169.37,23.44396416,169.29,86.72282222,169.38,47.33400619,169.28,73.37191824,169.39,85.18083039,169.27,114.18930078,169.4,82.718,169.26,99.52222572,169.41,38.16788387,169.25,90.81920283,169.42,241.34672182,169.24,241.56603433,169.43,74.18995941,169.23,84.3138163
2024-05-17 19:52:41,169.34,0.00718849,169.33,242.29951191,169.35,0.37556621,169.32,35.72278364,169.37,1.01671679,169.31,48.25247654,169.42,50.41145611,169.3,45.27986554,169.43,43.07097497,169.29,8.494,169.44,155.72465101,169.28,40.31198003,169.45,86.687,169.27,103.289746,169.46,72.3148789,169.26,19.31921197,169.49,41.73209753,169.25,130.66457696,169.52,130.04980961,169.24,177.72643158
2024-05-17 19:52:44,169.39,80.5307162,169.36,4.35319981,169.4,66.21869889,169.35,8.99821424,169.41,1.25895863,169.34,49.84551485,169.42,53.31858145,169.33,81.21389571,169.43,68.95662635,169.32,103.91005053,169.44,88.52918027,169.31,92.08956283,169.45,82.687,169.3,99.71204251,169.47,8.25319981,169.29,54.95834558,169.48,36.87642762,169.28,108.55516716,169.49,73.72620049,169.27,83.13557466
2024-05-17 19:52:47,169.37,46.50198927,169.35,1.06006255,169.38,69.22805206,169.33,23.84695115,169.39,46.68356701,169.32,24.01975779,169.4,48.34517812,169.31,12.99698497,169.41,1.25895863,169.3,36.22656363,169.42,17.45289047,169.29,34.26690103,169.43,27.7028292,169.28,16.25656383,169.44,52.32614251,169.27,25.9264956,169.45,82.687,169.26,129.6241263,169.46,171.03527838,169.25,201.51575287
2024-05-17 19:52:50,169.38,125.32375892,169.35,1.06006255,169.39,50.51230165,169.33,12.03595639,169.4,47.41960373,169.32,27.49567482,169.41,45.28286252,169.31,53.45493939,169.42,51.57578455,169.3,104.13151031,169.43,27.7028292,169.29,82.50218579,169.44,52.32614251,169.28,51.79514702,169.45,82.687,169.27,25.9264956,169.46,10.31649985,169.26,137.86904705,169.47,37.75813151,169.25,130.66457696
2024-05-17 19:52:53,169.37,80.90031939,169.35,1.06006255,169.38,93.27167561,169.34,14.76374371,169.39,4.01031238,169.33,23.8469513,169.4,47.41960373,169.32,27.49567482,169.41,45.28286252,169.31,96.1924203,169.42,51.57578455,169.3,104.13151031,169.43,48.36827156,169.29,82.50218579,169.44,52.32614251,169.28,51.79514702,169.45,227.29301682,169.27,41.2935768,169.46,46.76781024,169.26,74.85305186
2024-05-17 19:52:56,169.38,59.22020465,169.35,9.56323196,169.39,4.01031238,169.34,11.81047272,169.4,47.41964747,169.33,13.52355707,169.41,45.28286252,169.32,65.53555307,169.42,51.57578455,169.31,45.11705327,169.43,27.7028292,169.3,121.6972457,169.44,89.27060077,169.29,34.26690103,169.45,29.50761899,169.28,53.40555868,169.46,10.31649985,169.27,41.2935768,169.47,8.25319981,169.26,145.69966939
2024-05-17 19:52:59,169.37,78.37696948,169.35,9.49896159,169.38,96.59379106,169.34,16.31030278,169.39,4.01031238,169.33,12.03595639,169.4,47.41952268,169.32,65.53555307,169.41,45.28286252,169.31,126.77410297,169.42,51.57578455,169.3,102.06518687,169.43,27.7028292,169.29,4.7325,169.44,8.494,169.28,82.9409257,169.46,46.76698355,169.27,140.02386479,169.47,37.75747016,169.26,133.93070119
2024-05-17 19:53:02,169.38,59.22020465,169.35,9.49896167,169.39,52.56895994,169.34,16.31030278,169.4,47.41952268,169.33,12.03595639,169.41,45.28286252,169.32,27.49567482,169.42,51.57578455,169.31,55.22869793,169.43,27.7028292,169.3,47.76649487,169.44,42.26235416,169.29,78.85409013,169.46,46.76698355,169.28,82.9409257,169.47,126.32096603,169.27,140.02386479,169.48,181.14009741,169.26,133.93070119
2024-05-17 19:53:05,169.37,77.80100193,169.35,0.57968408,169.38,94.38455389,169.34,16.31030278,169.39,4.01031238,169.33,12.03595639,169.4,47.41952268,169.32,27.49567482,169.41,45.28286252,169.31,55.22869793,169.42,51.57578455,169.3,42.28355688,169.43,27.7028292,169.29,125.65184499,169.44,45.37857857,169.28,82.9409257,169.45,29.50766279,169.27,120.26575175,169.46,10.31649985,169.26,133.93070119
2024-05-17 19:53:08,169.36,115.71118199,169.35,0.32975123,169.37,79.47564854,169.32,5.87349397,169.38,69.707996,169.31,12.99698497,169.39,55.94711892,169.29,41.45452135,169.4,35.6130293,169.28,45.79193085,169.41,1.25895863,169.27,32.8005768,169.42,17.45289047,169.26,114.0717352,169.43,53.21369488,169.25,137.34024381,169.44,8.494,169.24,819.92377714,169.46,10.31649985,169.23,115.1794354
2024-05-17 19:53:11,169.36,105.7053368,169.35,0.32975123,169.37,79.47564854,169.32,17.68528596,169.38,81.51579691,169.31,12.99698497,169.39,55.94711892,169.3,5.00000006,169.4,39.6130293,169.29,8.7325,169.41,21.92562164,169.28,64.27882784,169.42,38.11955348,169.27,79.71138806,169.43,259.88032499,169.26,173.55168731,169.44,154.56591203,169.25,121.06512917,169.45,154.36927474,169.24,819.92377714
2024-05-17 19:53:14,169.38,30.28788064,169.37,5.16347915,169.41,77.46040471,169.36,15.40872048,169.42,29.68944837,169.35,5.32975126,169.43,35.50762958,169.34,62.02965084,169.44,8.494,169.33,98.08735807,169.45,4.0,169.32,85.51602101,169.46,123.68988117,169.31,120.02457719,169.47,235.58051313,169.3,39.51538418,169.48,110.28930071,169.29,89.00836785,169.49,113.65336646,169.28,110.48951478
2024-05-17 19:53:17,169.38,19.92155728,169.37,1.31700534,169.41,77.46040471,169.36,10.85196826,169.42,78.19193309,169.35,5.32975126,169.43,23.7028292,169.34,62.02965084,169.44,63.64304718,169.33,98.08735807,169.45,255.72809406,169.32,85.51602101,169.46,139.12620742,169.31,120.02457719,169.47,235.58051313,169.3,39.51538418,169.48,110.28930071,169.29,89.00836785,169.49,113.65336646,169.28,110.48956385
2024-05-17 19:53:18,169.38,19.92155728,169.36,14.13572199,169.41,77.46040471,169.35,7.62700298,169.42,78.19193309,169.34,62.02965084,169.43,23.7028292,169.33,98.08735807,169.44,63.64304718,169.32,85.51602101,169.45,255.72809406,169.31,120.02457719,169.46,139.12620742,169.3,39.51538418,169.47,235.58051313,169.29,89.00836785,169.48,110.28930071,169.28,110.48956385,169.49,113.65336646,169.27,76.08458037
2024-05-17 19:53:20,169.38,19.91605897,169.37,2.14549551,169.41,77.46040471,169.36,10.85196826,169.42,78.19193309,169.35,5.32975126,169.43,23.7028292,169.34,62.02965084,169.44,42.98163193,169.33,98.08735807,169.45,276.38975333,169.32,85.51602101,169.46,139.12620742,169.31,120.02457719,169.47,235.58051313,169.3,39.51538418,169.48,110.28930071,169.29,89.00836785,169.49,113.65336646,169.28,39.65090458
2024-05-17 19:53:23,169.38,19.91605897,169.37,2.14549551,169.41,77.46040471,169.36,10.85196826,169.42,78.19193309,169.35,5.32975126,169.43,23.7028292,169.34,62.02965084,169.44,42.98163193,169.33,98.08735807,169.45,276.38975333,169.32,85.51602101,169.46,139.12620742,169.31,120.02457719,169.47,235.58051313,169.3,48.00538418,169.48,110.28930071,169.29,89.00836785,169.49,113.65336646,169.28,110.48961267
2024-05-17 19:53:26,169.38,19.91605897,169.36,10.85196826,169.41,77.46040471,169.35,5.32975126,169.42,66.38692593,169.34,4.68956827,169.43,24.88975064,169.33,104.13264334,169.44,42.98163193,169.32,130.9900287,169.45,276.3897533,169.31,121.50802818,169.46,169.09436311,169.3,48.00538418,169.47,235.58051313,169.29,89.00836785,169.49,217.24087984,169.28,47.75974749,169.5,259.13144753,169.27,179.58737018
2024-05-17 19:53:29,169.38,19.91605897,169.36,10.85196826,169.41,77.46040471,169.35,5.32975126,169.42,66.38692593,169.34,4.0,169.43,24.88975064,169.33,104.13264334,169.44,114.92048059,169.32,130.9900287,169.45,276.3897533,169.31,121.50802818,169.46,146.38631018,169.3,48.00538418,169.47,235.58051313,169.29,160.36198323,169.48,34.19328592,169.28,47.75974749,169.49,113.65336646,169.27,179.58737018
2024-05-17 19:53:32,169.38,19.91605897,169.37,11.80846667,169.41,77.46040471,169.36,0.57314493,169.42,66.38692593,169.35,38.06522735,169.43,24.88975064,169.34,40.10734773,169.44,114.92048059,169.33,50.18018648,169.45,276.3897533,169.32,130.9900287,169.46,46.41350931,169.31,121.50802818,169.47,235.58051313,169.3,48.00538418,169.48,40.35719052,169.29,117.4149405,169.49,113.65336646,169.28,13.24436337
2024-05-17 19:53:35,169.38,49.42738005,169.36,12.38202788,169.41,77.46040471,169.35,38.06522735,169.42,78.19191083,169.34,78.67430786,169.43,13.08532913,169.33,99.5509719,169.44,47.98163201,169.32,85.51602101,169.45,49.12126188,169.31,121.50802818,169.46,46.41350931,169.3,48.00538418,169.47,8.25319981,169.29,117.4149405,169.48,40.35719052,169.28,13.24436337,169.49,113.65336646,169.27,146.92737018
2024-05-17 19:53:38,169.37,82.69946918,169.35,0.32975123,169.38,49.42738005,169.33,11.81075705,169.4,46.32209728,169.32,28.18982524,169.41,82.98365744,169.31,56.91841053,169.42,66.38692593,169.3,67.75804076,169.43,91.47378432,169.29,87.50419816,169.44,249.59578442,169.28,35.8373523,169.45,74.62934105,169.27,47.45808606,169.46,237.59206759,169.26,72.40070055,169.47,8.25319981,169.25,216.67278955
2024-05-17 19:53:41,169.38,49.29909151,169.36,2.75723254,169.41,81.31198385,169.35,27.70973012,169.42,66.38692593,169.34,92.88010939,169.43,70.81236907,169.33,89.40960955,169.44,42.98163193,169.32,64.21582094,169.45,65.78414135,169.31,52.91841053,169.46,271.50032461,169.3,35.07435278,169.47,8.25319981,169.29,1.48345099,169.48,69.85940313,169.28,137.85564861,169.49,236.17384923,169.27,210.45407583
2024-05-17 19:53:44,169.38,48.67237013,169.36,8.71742827,169.41,81.31198385,169.35,35.91942434,169.42,78.19200086,169.34,96.78010939,169.43,70.81236907,169.33,89.40960955,169.44,42.98163193,169.32,57.7206195,169.45,65.78414135,169.31,49.01841053,169.46,271.50032461,169.3,43.56335278,169.47,8.25319981,169.29,41.15366447,169.48,69.85940313,169.28,137.85564861,169.49,236.17384923,169.27,201.96507583
2024-05-17 19:53:47,169.48,86.04225853,169.44,18.53920004,169.49,67.72983175,169.43,42.33629423,169.5,57.96113585,169.42,73.4455581,169.51,54.42677869,169.41,76.50861871,169.52,70.80202941,169.4,115.32261486,169.53,76.0527204,169.39,43.44719325,169.54,34.14300107,169.38,43.42740064,169.55,72.16958751,169.37,40.76665271,169.56,50.91622061,169.36,109.52298154,169.57,97.00314131,169.35,121.37804229
2024-05-17 19:53:50,169.48,115.38901225,169.44,11.64883453,169.49,62.61931371,169.43,58.04031492,169.5,59.27167952,169.42,73.4455581,169.51,42.62753673,169.41,76.50861871,169.52,70.80202941,169.4,115.32261486,169.53,76.0527204,169.39,43.44719325,169.54,34.14300107,169.38,43.42740064,169.55,71.38658395,169.37,50.32525584,169.56,16.77321954,169.36,109.52298154,169.57,97.00314131,169.35,121.37804229
2024-05-17 19:53:53,169.48,61.30459058,169.46,15.3825638,169.49,35.43198145,169.44,9.8221909,169.5,28.90519876,169.43,50.23629423,169.51,56.96684523,169.42,71.47960438,169.52,78.7650674,169.41,72.50861871,169.53,76.0527204,169.4,115.32261486,169.54,38.14300107,169.39,72.96322053,169.55,7.70246192,169.38,182.65738091,169.56,127.62208921,169.37,20.80483567,169.57,131.19642723,169.36,109.52298154
2024-05-17 19:53:56,169.48,120.25642965,169.46,15.3825638,169.49,85.17179508,169.45,11.80278434,169.5,65.01460824,169.44,9.8221909,169.51,26.54647645,169.43,50.23629423,169.52,66.96687907,169.42,70.97745934,169.53,303.23974347,169.41,85.65193373,169.54,58.79514772,169.4,115.32261486,169.55,7.70246192,169.39,72.96322053,169.56,135.98551055,169.38,182.65738091,169.57,131.19642723,169.37,20.80483567
2024-05-17 19:53:59,169.48,81.85000392,169.45,11.80278434,169.49,77.41417595,169.44,9.8221909,169.5,128.27777538,169.43,50.23629423,169.51,55.64743524,169.42,70.97745934,169.52,67.77895544,169.41,85.65193373,169.53,303.23974347,169.4,115.32261486,169.54,58.79514772,169.39,72.96322053,169.55,7.70246192,169.38,182.65738091,169.56,135.98551055,169.37,20.80483567,169.57,131.19642723,169.36,109.52298154
2024-05-17 19:54:02,169.48,54.15288669,169.47,15.8713203,169.49,11.38813168,169.46,15.80724847,169.5,41.41684412,169.45,44.59822157,169.51,83.00441902,169.44,81.39200908,169.52,94.95980797,169.43,124.49011734,169.53,66.10369348,169.42,86.58115594,169.54,38.14300107,169.41,85.65193373,169.55,42.70438729,169.4,77.49557098,169.56,87.33098059,169.39,81.15428622,169.57,42.68228592,169.38,189.81892071
2024-05-17 19:54:05,169.48,54.10107507,169.46,15.3825638,169.49,41.49991255,169.45,15.70267304,169.5,146.22569252,169.44,2.7572326,169.51,79.34158305,169.43,46.30746111,169.52,78.73704184,169.42,86.58115594,169.53,33.68761995,169.41,127.72340627,169.54,38.14300107,169.4,80.57237138,169.55,42.70438729,169.39,72.96322053,169.56,129.82354106,169.38,231.97091703,169.57,42.68228592,169.37,20.80483567
2024-05-17 19:54:08,169.44,26.72650148,169.41,6.08838514,169.45,93.72258872,169.4,14.56309381,169.46,114.49248204,169.39,47.44719325,169.47,85.12027161,169.38,106.53606163,169.48,59.79039295,169.37,59.3843156,169.49,41.49991255,169.36,99.93840557,169.5,60.24438801,169.35,163.15488618,169.51,20.6560482,169.34,201.17489578,169.52,62.1959058,169.33,528.37023792,169.53,240.19689711,169.32,76.69506038
2024-05-17 19:54:11,169.42,42.14247724,169.39,23.84123476,169.43,48.51357093,169.38,14.56478019,169.44,136.9198499,169.37,68.55906256,169.45,42.56882198,169.36,68.93330713,169.46,38.13599883,169.35,138.06635553,169.47,93.97823446,169.34,103.01644569,169.48,63.79039295,169.33,566.3801608,169.49,16.90329372,169.32,108.69991141,169.5,22.00563496,169.31,109.55935331,169.51,306.83167834,169.3,181.11985909
2024-05-17 19:54:14,169.41,43.51082676,169.38,38.05388837,169.42,69.55895086,169.37,17.07134708,169.43,63.89613473,169.35,97.99447648,169.44,86.87049672,169.34,123.59559614,169.45,56.12976085,169.33,98.7439943,169.46,61.08897313,169.32,138.9292103,169.47,150.23098023,169.31,115.87590333,169.48,63.79039295,169.3,139.5454716,169.49,223.46743422,169.29,132.64491653,169.5,51.50464199,169.28,70.83400343
2024-05-17 19:54:17,169.41,59.15195351,169.38,38.05388837,169.42,69.55895086,169.37,13.07134708,169.43,63.89613473,169.36,5.00000001,169.44,86.87049672,169.35,101.99447648,169.45,56.12976085,169.34,123.59559614,169.46,85.74990035,169.33,98.7439943,169.47,170.89190745,169.32,131.63983724,169.48,59.79039295,169.31,60.05642466,169.49,223.46743422,169.3,203.85924398,169.5,51.50464199,169.29,132.64491653
2024-05-17 19:54:20,169.4,0.30426951,169.38,38.05388837,169.41,27.77149782,169.37,46.2234858,169.42,69.55895086,169.36,41.2526079,169.43,96.88118943,169.35,57.40343766,169.44,86.87049672,169.34,123.59559614,169.45,56.12976085,169.33,98.7439943,169.46,65.08897313,169.32,131.63983724,169.47,356.84635282,169.31,60.05642466,169.48,59.79039295,169.3,73.95842173,169.49,223.46743422,169.29,132.64491653
2024-05-17 19:54:24,169.41,0.59028392,169.38,70.8478556,169.42,4.50000006,169.37,46.2234858,169.43,54.12969135,169.36,87.43082788,169.44,93.81527217,169.35,57.40343766,169.45,135.29664775,169.34,94.42846929,169.46,42.13599883,169.33,46.0894276,169.47,73.31816123,169.32,97.46252065,169.48,59.79039295,169.31,60.05642466,169.49,16.90329372,169.3,144.79100324,169.5,85.39293965,169.29,132.64491653
2024-05-17 19:54:26,169.42,0.30635482,169.39,15.3825638,169.43,65.56440082,169.38,39.44779658,169.44,132.07149843,169.37,58.03168807,169.45,102.42194575,169.36,117.61810603,169.46,62.79619405,169.35,57.40343766,169.47,93.97835645,169.34,94.42846929,169.48,59.79039295,169.33,46.0894276,169.49,16.90329372,169.32,97.46252065,169.5,85.39293965,169.31,60.05642466,169.51,125.3836074,169.3,144.79100324
2024-05-17 19:54:29,169.41,5.63589443,169.39,15.3825638,169.42,33.58297653,169.38,5.02293966,169.43,92.75139528,169.37,58.03168807,169.44,154.73484635,169.36,117.61810603,169.45,56.12976085,169.35,57.40343766,169.46,42.13599883,169.34,94.42846929,169.47,321.25392426,169.33,46.0894276,169.48,89.29281254,169.32,97.46252065,169.49,16.90329372,169.31,60.05642466,169.5,22.00563496,169.3,144.79100324
2024-05-17 19:54:32,169.42,34.39158995,169.38,15.3825638,169.43,123.47245445,169.37,33.2419413,169.44,123.95441903,169.36,134.35487523,169.45,56.12976085,169.35,59.09037829,169.46,42.13599883,169.34,92.99528585,169.47,398.16674326,169.33,99.08578539,169.48,89.29281254,169.32,48.51530909,169.49,16.90329372,169.31,61.53987565,169.5,22.00563496,169.3,144.79100324,169.51,125.3836074,169.29,118.64491653
2024-05-17 19:54:35,169.41,5.63589443,169.39,15.3825638,169.42,55.55199933,169.37,45.0503576,169.43,89.98657177,169.36,122.54598879,169.44,123.95441903,169.35,59.09037829,169.45,56.12976085,169.34,92.99528585,169.46,42.13599883,169.33,99.08578539,169.47,398.16674326,169.32,48.51530909,169.48,89.29281254,169.31,61.53987565,169.49,16.90329372,169.3,144.79100324,169.5,22.00563496,169.29,118.64491653
2024-05-17 19:54:38,169.41,5.46758468,169.39,15.3825638,169.42,55.55199933,169.37,45.0503576,169.43,89.98657177,169.36,122.54598879,169.44,123.95441903,169.35,59.09037829,169.45,56.12976085,169.34,92.99528585,169.46,50.61899883,169.33,99.08578539,169.47,114.63855167,169.32,48.51530909,169.48,89.29281254,169.31,61.53987565,169.49,16.90329372,169.3,144.79100324,169.5,13.52263496,169.29,118.64491653
2024-05-17 19:54:41,169.39,2.05887651,169.38,15.3825638,169.4,4.424144,169.36,94.18654765,169.41,53.92552999,169.35,51.84595215,169.42,94.34850971,169.34,44.56083569,169.43,64.98785107,169.33,52.77598683,169.44,83.02907192,169.32,118.80025316,169.45,76.79081008,169.31,61.53987565,169.46,307.41478257,169.3,149.76142187,169.47,150.23098023,169.29,164.85259838,169.48,59.79039295,169.27,147.44797634
2024-05-17 19:54:44,169.39,1.02943825,169.37,15.3825638,169.4,4.22112466,169.36,94.18640859,169.41,53.92552999,169.35,96.7958971,169.42,82.54347294,169.34,44.56083569,169.43,76.79235258,169.33,52.77598683,169.44,83.02907192,169.32,118.80025316,169.45,76.79081008,169.31,61.53987565,169.46,277.90762252,169.3,149.76142187,169.47,150.23098023,169.29,164.85259838,169.48,59.79039295,169.27,147.44797634
2024-05-17 19:54:47,169.39,1.02943825,169.37,15.3825638,169.4,8.72112468,169.36,94.18640859,169.41,57.52552999,169.35,96.7958971,169.42,82.54347294,169.34,44.56083569,169.43,76.79235258,169.33,52.77598683,169.44,83.02907192,169.32,118.80025316,169.45,76.79081008,169.31,61.53987565,169.46,303.90762252,169.3,149.76142187,169.47,150.23098023,169.29,164.85259838,169.48,59.79039295,169.27,147.44797634
2024-05-17 19:54:50,169.4,1.32639099,169.37,15.3825638,169.41,19.0407048,169.36,123.00124668,169.42,85.70563902,169.35,96.7958971,169.43,123.49138569,169.34,44.56083569,169.44,82.48389062,169.33,52.77598683,169.45,56.12976085,169.32,112.92675919,169.46,76.61899883,169.31,91.071163,169.47,150.23098023,169.3,149.76142187,169.48,59.79039295,169.29,135.31898222,169.49,129.05445255,169.27,147.44797634
2024-05-17 19:54:53,169.38,2.69485723,169.36,26.01098526,169.39,2.78321417,169.35,16.8131565,169.4,65.72072413,169.34,126.02646568,169.41,98.99838803,169.33,84.75272953,169.42,84.96298864,169.32,36.00191462,169.43,112.55515652,169.31,97.50441455,169.44,82.48389062,169.3,181.08391748,169.45,304.07992162,169.29,126.83598222,169.46,76.61899883,169.28,70.83411018,169.47,140.49304578,169.27,147.44797634
2024-05-17 19:54:56,169.39,0.30640908,169.37,15.3825638,169.4,1.02,169.36,34.19129262,169.41,19.22820477,169.35,48.62921714,169.42,110.11857703,169.34,122.12646568,169.43,109.12537904,169.33,84.75272953,169.44,82.87857152,169.32,39.90191462,169.45,283.41740822,169.31,67.9731272,169.46,97.2813902,169.3,146.15376116,169.47,110.98874004,169.29,185.90297228,169.48,132.22037671,169.27,218.29125649
2024-05-17 19:54:59,169.35,8.49067635,169.33,0.7376372,169.36,40.16072829,169.32,27.194488,169.37,106.48793961,169.31,22.37901932,169.38,101.14751293,169.3,128.97642213,169.39,46.73601812,169.29,45.4673657,169.4,63.05120589,169.28,111.78390896,169.41,70.16659245,169.27,57.20801313,169.42,47.47552178,169.26,79.61973762,169.43,238.70243189,169.25,13.48,169.44,137.48373606,169.24,230.57922257
2024-05-17 19:55:02,169.34,3.09278281,169.32,15.3825638,169.35,51.92032409,169.31,20.81114452,169.36,76.53232685,169.3,84.52645339,169.37,45.1902369,169.29,45.4673657,169.38,100.25522425,169.28,131.14693451,169.39,46.73601812,169.27,47.64941,169.4,71.53120589,169.26,116.35832788,169.41,276.7905062,169.25,114.85046972,169.42,47.47552178,169.24,124.38209753,169.43,238.70243189,169.23,12.1467809
2024-05-17 19:55:05,169.4,0.81662475,169.39,102.99849045,169.44,12.86068874,169.38,40.79430806,169.45,47.29220085,169.37,53.83720354,169.46,82.43633653,169.36,38.02984655,169.47,109.46852855,169.35,48.05018095,169.48,60.40076098,169.34,35.67604487,169.49,141.80460086,169.33,41.33593498,169.5,116.60070805,169.32,184.19671796,169.51,109.55110678,169.31,23.44885509,169.52,43.14389903,169.3,81.21392612
2024-05-17 19:55:08,169.4,0.81662475,169.39,30.01161538,169.44,3.6,169.38,85.15596745,169.45,36.85278927,169.37,132.31474882,169.46,68.8397153,169.36,46.82668689,169.47,34.07592104,169.35,56.24124664,169.48,115.89538319,169.34,35.67604487,169.49,173.99860001,169.33,70.86367119,169.5,116.82267931,169.32,184.19671796,169.51,63.69121649,169.31,13.21002291,169.52,43.14389903,169.3,73.02286043
2024-05-17 19:55:11,169.36,5.54586696,169.32,41.50134539,169.37,14.23086413,169.31,18.6934739,169.38,32.08996683,169.3,39.20658168,169.39,13.3750282,169.29,83.00708445,169.4,41.19792722,169.28,171.89118278,169.41,138.8200585,169.27,120.60432704,169.42,85.37867992,169.26,109.3323681,169.43,50.78917781,169.25,117.58366796,169.44,50.58403336,169.24,95.09977502,169.45,76.59373652,169.23,2.58817777
2024-05-17 19:55:14,169.37,6.90756869,169.34,14.87268835,169.38,35.20787289,169.33,11.81123572,169.39,45.19185888,169.32,29.68944837,169.4,77.99592695,169.31,18.6934739,169.41,132.36158773,169.3,59.05556678,169.42,114.52570915,169.29,159.91990345,169.43,206.67761717,169.28,171.89118278,169.44,50.58403336,169.27,107.79428768,169.45,76.59373652,169.26,109.3323681,169.46,171.55482996,169.25,46.73209753
2024-05-17 19:55:17,169.39,1.50683166,169.38,15.3825638,169.4,0.64666627,169.35,42.636309,169.42,42.08,169.34,70.23330155,169.43,19.22820475,169.33,159.75325317,169.44,20.38256386,169.32,84.71353048,169.45,61.19115834,169.31,85.55238238,169.46,386.70515314,169.3,19.8489851,169.47,54.74295027,169.29,165.79596112,169.48,113.10946123,169.28,203.08664898,169.49,154.45764208,169.27,59.07563812
2024-05-17 19:55:20,169.39,1.50683166,169.38,27.19033331,169.4,0.64666627,169.37,48.63446805,169.43,16.59052892,169.36,85.19794389,169.44,30.82358646,169.35,42.636309,169.45,62.46871665,169.34,82.21248956,169.46,115.56245147,169.33,112.84643809,169.47,87.65050979,169.32,92.90459617,169.48,121.59046123,169.31,85.55238238,169.49,361.07667508,169.3,90.6795587,169.5,42.2980582,169.29,149.91677311
2024-05-17 19:55:23,169.39,2.50651839,169.38,15.3825638,169.4,0.64666627,169.37,60.44272669,169.42,3.6,169.36,85.19794389,169.43,12.99052892,169.35,42.636309,169.44,31.03191981,169.34,75.89190468,169.45,62.46871665,169.33,112.84643809,169.46,115.56245147,169.32,92.90459617,169.47,87.65050979,169.31,85.55238238,169.48,121.59046123,169.3,90.6795587,169.49,154.45764208,169.29,149.91677311
2024-05-17 19:55:26,169.39,2.50079262,169.38,15.3825638,169.4,0.64666627,169.37,60.44272669,169.42,3.6,169.36,85.19794389,169.43,13.90717494,169.35,73.26737347,169.44,31.03191981,169.34,40.16765033,169.45,62.46871665,169.33,81.38703466,169.46,151.42740332,169.32,101.38159617,169.47,87.65050979,169.31,85.55238238,169.48,121.59046123,169.3,90.6795587,169.49,154.45764208,169.29,76.912819
2024-05-17 19:55:29,169.39,4.63877151,169.38,15.3825638,169.4,0.64666627,169.37,60.44272669,169.42,3.6,169.36,52.84040033,169.43,13.90717494,169.35,122.56969166,169.44,31.03191975,169.34,40.16765033,169.45,110.88843846,169.33,81.38703466,169.46,73.15457576,169.32,101.38159617,169.47,84.88451277,169.31,85.55238238,169.48,121.59046123,169.3,90.6795587,169.49,154.45764208,169.29,76.912819
2024-05-17 19:55:32,169.39,34.15732392,169.37,11.80825864,169.4,0.64666627,169.36,21.74487944,169.42,5.02916899,169.35,42.636309,169.43,39.95792135,169.34,40.16765033,169.44,73.13876612,169.33,81.38703466,169.45,110.88843846,169.32,101.38159617,169.46,49.89995135,169.31,156.37878694,169.47,84.88451277,169.3,19.8489851,169.48,65.84347418,169.29,76.912819,169.49,112.1508667,169.28,182.82110998
2024-05-17 19:55:35,169.39,32.44574256,169.38,27.19033331,169.4,0.34451347,169.37,11.44825341,169.43,30.61975296,169.36,84.64001534,169.44,85.50441867,169.35,42.636309,169.45,133.3566396,169.34,92.89444183,169.46,62.62408412,169.33,149.8895928,169.47,93.36151277,169.32,71.6921478,169.48,57.36247418,169.31,126.84865947,169.49,82.65,169.3,19.8489851,169.5,37.95276201,169.29,76.912819
2024-05-17 19:55:38,169.39,31.84572983,169.38,30.58602771,169.4,0.34451347,169.37,63.33324571,169.44,38.89339593,169.36,197.86223085,169.45,118.60972107,169.35,68.16015178,169.46,65.28251515,169.34,36.56765033,169.47,89.36151277,169.33,6.32039964,169.48,57.36247418,169.32,71.92920047,169.49,86.65,169.31,126.84865947,169.5,72.70138969,169.3,78.91239762,169.51,41.0314885,169.29,76.912819
2024-05-17 19:55:41,169.39,31.85131844,169.38,30.58602771,169.4,0.34451347,169.37,63.33324571,169.43,9.77155544,169.36,197.86223085,169.44,75.34139099,169.35,68.16015178,169.45,118.60972107,169.34,36.56765033,169.46,77.08504856,169.33,6.32039964,169.47,89.36151277,169.32,71.92920047,169.48,57.36247418,169.31,126.84865947,169.49,86.65,169.3,78.91239762,169.5,37.95276201,169.29,129.07794092
2024-05-17 19:55:44,169.39,33.01665409,169.38,15.80776951,169.4,0.34451347,169.37,63.33324571,169.43,58.24092628,169.36,197.86223085,169.44,75.34139099,169.35,68.16015178,169.45,84.93691779,169.34,36.56765033,169.46,61.70248476,169.33,6.32039964,169.47,89.36151277,169.32,71.92920047,169.48,57.36247418,169.31,200.67792519,169.49,4.0,169.3,154.37739527,169.5,37.95276201,169.29,129.07794092
2024-05-17 19:55:47,169.39,33.01106548,169.38,31.19033331,169.4,0.34451347,169.37,63.33324571,169.43,53.04161847,169.36,197.86223085,169.44,75.34139099,169.35,68.16015178,169.45,84.93691779,169.34,36.56765033,169.46,61.70248476,169.33,6.32039964,169.47,89.36151277,169.32,176.76349854,169.48,57.36247418,169.31,200.67792519,169.49,4.0,169.3,78.91239762,169.5,37.95276201,169.29,76.912819
