time,PRICE_ASK_1,VOLUME_ASK_1,PRICE_BID_1,VOLUME_BID_1,PRICE_ASK_2,VOLUME_ASK_2,PRICE_BID_2,VOLUME_BID_2,PRICE_ASK_3,VOLUME_ASK_3,PRICE_BID_3,VOLUME_BID_3,PRICE_ASK_4,VOLUME_ASK_4,PRICE_BID_4,VOLUME_BID_4,PRICE_ASK_5,VOLUME_ASK_5,PRICE_BID_5,VOLUME_BID_5,PRICE_ASK_6,VOLUME_ASK_6,PRICE_BID_6,VOLUME_BID_6,PRICE_ASK_7,VOLUME_ASK_7,PRICE_BID_7,VOLUME_BID_7,PRICE_ASK_8,VOLUME_ASK_8,PRICE_BID_8,VOLUME_BID_8,PRICE_ASK_9,VOLUME_ASK_9,PRICE_BID_9,VOLUME_BID_9,PRICE_ASK_10,VOLUME_ASK_10,PRICE_BID_10,VOLUME_BID_10
2024-05-17 19:43:11,3092.2,0.25902081,3092.19,0.40481803,3092.56,0.09701727,3092.12,0.90552159,3092.57,1.00953454,3092.1,0.56624826,3092.58,0.16169595,3092.09,0.75428968,3092.59,0.09701846,3092.08,0.31925048,3092.6,0.3,3092.07,0.71331204,3092.61,0.232843,3092.04,0.53540062,3092.62,0.5,3091.96,3.2341861,3092.68,0.40641254,3091.95,0.16169595,3092.69,0.08864525,3091.84,0.99625675
2024-05-17 19:43:12,3091.99,1.17927462,3091.98,1.08947683,3092.02,0.59997159,3091.89,0.80856665,3092.04,0.79593208,3091.84,3.23431877,3092.05,0.0767746,3091.73,0.16170635,3092.06,1.83118486,3091.59,0.14665584,3092.07,1.17013487,3091.58,0.36353714,3092.09,0.36353714,3091.55,1.80129239,3092.16,0.09087021,3091.54,0.42134246,3092.17,0.5845626,3091.53,0.64627964,3092.18,0.2655262,3091.52,0.69370192
2024-05-17 19:43:15,3091.99,0.95004302,3091.98,1.08947683,3092.09,0.36353714,3091.94,0.16082136,3092.17,0.95266629,3091.59,0.14665584,3092.18,0.2655262,3091.58,0.36353714,3092.19,0.3146195,3091.55,0.46863838,3092.2,0.00244983,3091.54,0.58305882,3092.25,0.5,3091.53,0.64627964,3092.27,0.391,3091.52,0.69370192,3092.28,0.23286012,3091.5,0.02320715,3092.3,2.09759702,3091.49,0.0454072
2024-05-17 19:43:18,3091.97,0.11698789,3091.94,1.08241138,3091.98,0.36353714,3091.67,0.80862273,3092.03,0.48511745,3091.56,0.17,3092.04,0.80852908,3091.55,0.16171579,3092.16,0.391,3091.53,0.64627964,3092.17,0.23286276,3091.52,0.69370192,3092.18,0.2655262,3091.48,3.23469246,3092.19,0.3146195,3091.42,0.36353714,3092.2,0.00244983,3091.29,1.29033089,3092.21,1.94035852,3091.23,1.34056071
2024-05-17 19:43:21,3091.98,0.37855824,3091.94,1.08004563,3092.02,0.09702584,3091.68,0.09702584,3092.03,0.48511745,3091.67,0.80862273,3092.04,0.80852908,3091.66,0.17,3092.18,0.2655262,3091.65,0.16171082,3092.19,0.3146195,3091.53,0.64627964,3092.21,1.94035852,3091.52,0.69370192,3092.22,3.23393076,3091.48,3.23469246,3092.24,0.16171265,3091.42,0.36353714,3092.25,0.5,3091.29,1.29033089
2024-05-17 19:43:24,3091.99,0.36353714,3091.94,0.98040162,3092.14,0.23285889,3091.77,0.09702474,3092.15,0.83318552,3091.76,0.80860047,3092.16,0.8084967,3091.75,0.16170567,3092.18,0.2655262,3091.62,0.17,3092.19,0.3146195,3091.61,3.23456048,3092.25,0.5,3091.53,1.00981678,3092.27,0.96948213,3091.52,0.69370192,3092.3,1.99730263,3091.47,1.27558141,3092.35,3.23379043,3091.46,0.32479901
2024-05-17 19:43:27,3091.99,0.22463131,3091.94,0.99164375,3092.1,0.0970251,3091.77,0.0970251,3092.11,0.23286013,3091.76,0.80860047,3092.14,1.00714825,3091.66,0.17,3092.15,0.391,3091.65,0.16171068,3092.16,0.8084967,3091.61,3.23456048,3092.18,0.2655262,3091.53,0.64627964,3092.19,0.51718784,3091.52,0.69370192,3092.25,0.5,3091.47,1.27558141,3092.27,0.96948213,3091.4,0.36353714
2024-05-17 19:43:30,3091.96,0.36839621,3091.94,0.9810088,3092.12,0.23286276,3091.77,0.0970261,3092.13,0.09702615,3091.76,0.80860047,3092.14,1.00714825,3091.66,0.17,3092.15,0.391,3091.65,0.16171068,3092.16,0.8084967,3091.61,3.23456048,3092.18,0.2655262,3091.53,0.64627964,3092.19,0.51718784,3091.52,0.69370192,3092.26,0.5,3091.47,1.27558141,3092.27,0.96948213,3091.4,0.36353714
2024-05-17 19:43:33,3091.95,0.09702615,3091.94,0.96467601,3091.96,0.37553366,3091.77,0.19405232,3092.11,0.09702616,3091.76,0.80860047,3092.12,0.23286313,3091.66,0.17,3092.14,1.00714825,3091.65,0.16171068,3092.15,0.391,3091.61,3.23456048,3092.16,1.3084967,3091.53,0.64627964,3092.18,0.2655262,3091.52,0.69370192,3092.19,0.51718784,3091.47,1.27558141,3092.26,0.5,3091.4,0.36353714
2024-05-17 19:43:36,3091.95,0.42332833,3091.94,0.96199012,3092.07,0.09702631,3091.78,0.09702375,3092.08,0.09702631,3091.77,0.09702364,3092.09,0.23286313,3091.76,0.80860047,3092.13,0.391,3091.66,0.17,3092.14,1.48932645,3091.65,0.16171068,3092.16,1.3084967,3091.61,3.23456048,3092.18,0.2655262,3091.53,0.64627964,3092.19,0.51718784,3091.52,0.69370192,3092.26,0.5,3091.47,1.27558141
2024-05-17 19:43:39,3091.95,0.07687733,3091.94,0.94401446,3092.15,0.42154103,3091.93,0.19405262,3092.16,0.5,3091.89,0.16169799,3092.18,0.09702391,3091.86,0.80857283,3092.19,0.20256834,3091.71,3.2344461,3092.25,0.09702379,3091.54,1.46858639,3092.26,0.5,3091.53,0.81627964,3092.27,1.77795162,3091.52,0.69370192,3092.3,1.99730263,3091.47,1.27558141,3092.35,3.23379043,3091.43,0.36353714
2024-05-17 19:43:42,3091.95,0.07928096,3091.94,0.94401446,3092.04,0.09702569,3091.85,0.09702573,3092.05,0.36353714,3091.84,0.97027835,3092.23,0.23286281,3091.74,0.17,3092.24,0.391,3091.71,3.2344461,3092.25,1.21067966,3091.54,1.79172596,3092.26,1.30847024,3091.53,0.64627964,3092.27,0.96948213,3091.52,0.69370192,3092.3,0.15731727,3091.48,0.36353714,3092.39,0.01541254,3091.47,1.27558141
2024-05-17 19:43:45,3092.04,0.10962772,3092.03,0.18154008,3092.09,0.36353714,3092.0,1.38197744,3092.17,0.5,3091.99,0.33444507,3092.26,0.23285561,3091.98,0.23936877,3092.27,0.96948213,3091.97,0.40824949,3092.3,0.15731727,3091.96,0.43562864,3092.37,1.24302502,3091.94,0.9236553,3092.38,0.5,3091.83,0.09702317,3092.39,0.01541254,3091.82,3.23433229,3092.4,1.32344094,3091.81,0.97996409
2024-05-17 19:43:48,3092.09,0.71731844,3092.08,0.80222942,3092.26,0.97607972,3092.0,0.06627428,3092.27,0.96948213,3091.99,0.91880002,3092.28,0.5,3091.94,0.02580049,3092.3,0.15731727,3091.91,0.16169721,3092.35,0.5,3091.82,3.23433229,3092.36,0.80844522,3091.81,0.97996409,3092.42,0.01541254,3091.73,1.18714745,3092.43,0.01541254,3091.55,0.09702191,3092.52,0.01541254,3091.54,1.79172596
2024-05-17 19:43:51,3092.09,0.39198187,3092.08,0.75279091,3092.26,0.97607972,3092.0,0.06627428,3092.27,1.36048213,3091.99,0.11025981,3092.3,0.15731727,3091.94,0.83435405,3092.33,0.5,3091.91,0.16169721,3092.34,0.23285259,3091.84,0.17,3092.36,0.80844522,3091.82,3.23433229,3092.41,1.27298306,3091.81,0.97996409,3092.42,0.01541254,3091.79,1.2732418,3092.43,0.01541254,3091.73,1.18714745
2024-05-17 19:43:54,3092.37,0.10961994,3092.32,1.73043479,3092.38,0.09701344,3092.17,0.09701349,3092.39,0.36353714,3092.16,0.17,3092.53,0.2328326,3092.15,3.23398541,3092.54,0.5,3092.1,0.09701359,3092.55,0.00351773,3092.09,0.16168781,3092.6,0.03352085,3091.94,0.02580049,3092.69,0.87601322,3091.93,1.37866963,3092.7,0.80835532,3091.81,0.97996409,3092.72,0.66168781,3091.8,0.36353714
2024-05-17 19:43:57,3092.37,0.0970136,3092.32,1.73043479,3092.38,0.36353714,3092.17,0.1940272,3092.53,0.09701365,3092.16,0.17,3092.54,0.5,3092.15,3.23398541,3092.55,0.00351773,3092.09,0.16168781,3092.59,0.23283265,3091.94,0.02580049,3092.6,0.03352085,3091.93,1.37866963,3092.67,0.48501327,3091.87,0.36353714,3092.69,0.391,3091.81,0.97996409,3092.7,0.80835532,3091.79,1.2732418
2024-05-17 19:44:00,3092.35,0.3619679,3092.27,0.097015,3092.53,0.23283625,3092.26,0.80754114,3092.54,0.5,3092.2,0.09701485,3092.55,0.00351773,3092.19,0.26622818,3092.6,0.03352085,3092.18,0.41179724,3092.63,0.58203595,3092.16,0.17,3092.64,0.391,3092.15,3.23398541,3092.65,0.97005983,3092.02,0.16169145,3092.71,0.01448419,3091.94,0.02580049,3092.72,0.5,3091.84,0.36353714
2024-05-17 19:44:04,3091.98,0.00840535,3091.94,0.95175905,3092.05,0.09702589,3091.84,0.80857786,3092.07,0.36353714,3091.81,0.97996409,3092.1,0.0034556,3091.78,3.23437268,3092.11,0.04913901,3091.58,0.08272778,3092.15,0.16171754,3091.57,0.08272778,3092.19,1.17608484,3091.56,0.08272778,3092.2,0.5,3091.55,0.08272778,3092.25,0.80847468,3091.54,0.08272778,3092.28,1.90375656,3091.53,0.36353714
2024-05-17 19:44:06,3091.95,1.7095555,3091.94,0.01538875,3092.01,0.80853593,3091.65,0.09703089,3092.04,0.0508707,3091.64,0.09703094,3092.06,0.2328718,3091.63,0.32955334,3092.07,0.36353714,3091.62,0.80863583,3092.11,0.5,3091.6,0.25907736,3092.14,3.53259918,3091.59,0.25907736,3092.15,3.39572072,3091.58,0.08272778,3092.27,0.391,3091.57,0.08272778,3092.29,0.5,3091.56,0.08272778
2024-05-17 19:44:10,3091.95,1.48952589,3091.94,0.97961702,3091.99,0.48802631,3091.68,0.19405262,3092.0,0.83645982,3091.67,0.80862387,3092.01,0.80853593,3091.61,0.17,3092.03,0.09702631,3091.6,0.25907736,3092.04,0.0508707,3091.59,0.25907736,3092.06,1.49516669,3091.58,0.08272778,3092.07,0.36353714,3091.57,0.08272778,3092.11,0.5,3091.56,0.08272778,3092.14,2.03743249,3091.52,0.52525468
2024-05-17 19:44:12,3091.95,1.44599574,3091.94,0.92639622,3091.98,0.09702631,3091.68,0.19405262,3091.99,0.391,3091.67,0.80862387,3092.0,0.83645982,3091.61,0.17,3092.01,0.80853593,3091.6,0.25907736,3092.03,0.09702631,3091.59,0.25907736,3092.04,0.0508707,3091.58,0.08272778,3092.06,1.49516669,3091.57,0.08272778,3092.07,0.36353714,3091.56,0.08272778,3092.11,0.5,3091.52,0.52525468
2024-05-17 19:44:15,3091.98,0.11909232,3091.94,0.02131974,3091.99,0.5,3091.72,0.29281878,3092.02,0.80458091,3091.71,0.09702552,3092.04,0.0508707,3091.7,0.09702522,3092.06,0.80852253,3091.67,0.80862387,3092.07,0.36353714,3091.6,0.25907736,3092.13,0.23287045,3091.59,0.25907736,3092.14,2.03743249,3091.58,0.08272778,3092.15,3.23400318,3091.57,0.2444426,3092.19,0.16171535,3091.56,0.08272778
2024-05-17 19:44:18,3092.01,0.00104961,3091.95,0.19404948,3092.05,1.00323587,3091.94,0.9615541,3092.06,1.30852253,3091.72,0.29281878,3092.07,0.36353714,3091.68,0.17,3092.14,2.03743249,3091.67,0.80862387,3092.15,3.23400318,3091.63,0.31761471,3092.19,0.16171535,3091.62,6.78629659,3092.27,0.23285937,3091.61,0.31761471,3092.28,1.47047527,3091.6,0.25907736,3092.29,0.5,3091.59,0.25907736
2024-05-17 19:44:21,3092.04,0.98612228,3091.94,0.01563168,3092.05,1.28574725,3091.83,0.37002213,3092.06,0.09702669,3091.82,0.32776422,3092.07,0.36353714,3091.81,0.4955499,3092.17,0.23286471,3091.8,0.37958269,3092.18,0.80849241,3091.79,0.19405456,3092.27,2.65595172,3091.78,0.80859364,3092.28,4.70434027,3091.7,0.357,3092.29,0.5,3091.69,0.16170848,3092.3,2.22203256,3091.63,0.31761471
2024-05-17 19:44:24,3091.95,1.0213656,3091.94,0.01563168,3092.04,0.1940544,3091.89,0.0970272,3092.07,0.36353714,3091.88,0.40884635,3092.16,0.23286672,3091.87,0.37188085,3092.17,0.48509551,3091.86,0.34344261,3092.18,0.80849241,3091.84,1.19328275,3092.27,1.32273209,3091.83,0.37002213,3092.28,3.233865,3091.82,0.02256482,3092.29,0.5,3091.72,0.16170675,3092.3,2.22203256,3091.7,3.23446631
2024-05-17 19:44:28,3091.95,0.96134119,3091.94,0.87250055,3092.16,0.09702631,3091.92,0.80855898,3092.17,0.09702631,3091.89,0.55105262,3092.18,0.36353714,3091.88,0.31181915,3092.25,0.23286313,3091.87,0.37188085,3092.27,0.391,3091.86,0.34344261,3092.28,0.5,3091.84,0.38470483,3092.29,1.07683156,3091.83,3.26153726,3092.3,0.98627079,3091.81,0.16170222,3092.35,0.80844844,3091.79,6.4684099
2024-05-17 19:44:30,3091.95,0.96039548,3091.94,0.87250055,3092.01,0.19405262,3091.92,0.80855898,3092.02,0.01630003,3091.9,0.09702631,3092.18,0.36353714,3091.89,0.09702631,3092.25,0.23286313,3091.88,0.31181915,3092.28,0.391,3091.87,0.37188085,3092.29,1.00286122,3091.86,0.34344261,3092.3,0.98627079,3091.84,0.38470483,3092.34,0.5,3091.83,3.26153726,3092.35,0.80844844,3091.81,0.16170222
2024-05-17 19:44:34,3091.94,0.20115066,3091.84,0.09702813,3091.95,0.9214932,3091.83,3.23449032,3092.02,0.01630003,3091.82,0.09702813,3092.17,0.23286728,3091.81,0.16170222,3092.18,0.36353714,3091.79,6.4684099,3092.28,0.391,3091.62,0.36353714,3092.29,1.00286122,3091.5,0.85322938,3092.3,0.98627079,3091.49,0.85322938,3092.34,0.5,3091.48,1.40074293,3092.35,0.80844844,3091.47,6.4684099
2024-05-17 19:44:36,3091.95,0.92527294,3091.93,1.6422006,3092.01,0.09702646,3091.84,0.10626627,3092.02,0.01630003,3091.83,3.23449032,3092.17,0.09702646,3091.81,0.16170222,3092.18,0.36353714,3091.79,6.4684099,3092.27,0.23286351,3091.62,0.36353714,3092.29,1.00286122,3091.53,0.85322938,3092.3,0.98627079,3091.52,0.85322938,3092.34,0.5,3091.51,0.85322938,3092.35,0.80844844,3091.48,1.40074293
2024-05-17 19:44:39,3091.95,0.52209742,3091.93,1.5089461,3092.0,0.09702646,3091.87,0.09702646,3092.01,0.09702647,3091.85,0.09702647,3092.02,0.01630003,3091.84,0.17923981,3092.18,0.36353714,3091.83,3.23449032,3092.27,0.23286351,3091.81,0.16170222,3092.28,0.391,3091.79,0.98685933,3092.29,1.00286122,3091.62,0.36353714,3092.3,0.98627079,3091.54,0.85322938,3092.34,0.5,3091.53,0.85322938
2024-05-17 19:44:42,3091.94,0.21432217,3091.93,1.5089461,3091.95,0.48856787,3091.84,0.17923981,3092.02,0.01630003,3091.83,3.23449032,3092.17,0.23286374,3091.77,0.09702662,3092.18,0.36353714,3091.76,0.16170506,3092.28,0.391,3091.6,0.09702646,3092.29,1.00286122,3091.59,0.36353714,3092.3,0.98627079,3091.54,0.85322938,3092.31,0.80845887,3091.53,0.85322938,3092.34,0.5,3091.52,0.85322938
2024-05-17 19:44:46,3091.94,0.09807883,3091.91,0.80856169,3091.95,0.41311805,3091.9,0.09702714,3092.01,0.09702714,3091.89,0.7605073,3092.02,0.01630003,3091.84,0.00923981,3092.17,0.23286536,3091.83,0.00016171,3092.18,0.36353714,3091.79,0.09702704,3092.24,0.391,3091.78,0.17,3092.25,1.07684493,3091.77,6.4684099,3092.26,0.80847076,3091.74,0.85322938,3092.29,0.16171012,3091.73,0.85322938
2024-05-17 19:44:48,3091.94,0.10438099,3091.88,1.57020042,3091.95,0.41311805,3091.84,0.00923981,3092.01,0.09702725,3091.83,0.00016171,3092.02,0.01630003,3091.74,0.1940545,3092.17,0.93607749,3091.73,0.17,3092.18,0.36353714,3091.72,3.23444339,3092.21,0.391,3091.66,0.16171012,3092.22,0.80848283,3091.59,0.36353714,3092.28,0.5,3091.56,0.85322938,3092.29,0.16171012,3091.55,0.85322938
2024-05-17 19:44:52,3091.94,0.09702736,3091.89,0.09702716,3091.95,0.2998681,3091.86,0.8085727,3092.01,0.09702716,3091.84,0.00923981,3092.02,0.01630003,3091.83,0.00016171,3092.09,0.36353714,3091.74,0.09702732,3092.16,0.23286539,3091.73,0.17,3092.17,0.48508974,3091.72,3.23444339,3092.21,0.391,3091.66,0.16171012,3092.22,0.80848283,3091.56,0.85322938,3092.28,0.5,3091.55,0.85322938
2024-05-17 19:44:54,3091.86,0.39116962,3091.85,0.00642919,3091.89,0.62889726,3091.83,0.00016171,3091.9,0.13755642,3091.7,0.19406282,3091.91,0.12986523,3091.69,0.8086174,3091.93,0.02714067,3091.56,3.23461165,3091.95,0.2998681,3091.44,0.1617214,3091.99,0.23287537,3091.4,0.96684971,3092.0,0.36353714,3091.39,0.96684971,3092.02,0.01630003,3091.38,0.36353714,3092.07,0.48510982,3091.25,0.00048507
2024-05-17 19:44:57,3091.86,0.20035334,3091.85,0.55502934,3091.88,0.09702895,3091.83,0.00016171,3091.89,0.74533196,3091.71,0.09702895,3091.9,0.23458537,3091.7,0.09702896,3091.91,0.12986523,3091.69,0.8086174,3091.93,0.02714067,3091.57,0.17,3091.95,0.2998681,3091.56,3.23461165,3091.97,0.391,3091.48,0.96723461,3091.98,0.36353714,3091.47,1.33077175,3091.99,0.16172563,3091.35,0.16172613
2024-05-17 19:45:00,3091.86,0.19125122,3091.85,0.50718842,3091.89,0.84236091,3091.83,0.00016171,3091.9,0.13755642,3091.64,0.09702895,3091.91,0.12986523,3091.63,0.80863295,3091.93,0.02714067,3091.57,0.17,3091.94,0.09702908,3091.56,3.23461165,3091.95,0.2998681,3091.48,0.96723461,3091.97,0.391,3091.47,1.33077175,3091.98,0.36353714,3091.35,0.16172613,3091.99,0.16172563,3091.25,0.00048507
2024-05-17 19:45:04,3091.72,0.36353714,3091.09,0.32270866,3091.79,2.35522665,3091.06,0.99765476,3091.8,5.21858326,3091.05,0.99765476,3091.82,1.2456008,3091.04,0.5,3091.83,1.06220028,3091.01,2.25174697,3091.85,1.15866407,3090.87,16.17664752,3091.86,1.19890879,3090.7,0.32198032,3091.89,0.64964784,3090.64,1.0,3091.95,0.2998681,3090.61,0.56153,3092.02,0.01630003,3090.55,0.97030739
2024-05-17 19:45:07,3091.34,0.19409718,3091.17,1.33104452,3091.35,0.36353714,3091.16,1.01885962,3091.38,1.32985423,3091.15,1.63721464,3091.39,0.23291662,3091.14,1.52240517,3091.4,1.29324412,3091.13,1.55442258,3091.42,0.8086899,3091.12,0.57945835,3091.55,1.97650498,3091.1,0.00027821,3091.56,3.39636972,3091.06,0.80878334,3091.76,0.5,3091.03,0.1688534,3091.77,0.55302,3091.01,0.96288914
2024-05-17 19:45:10,3091.26,0.19410346,3091.1,4.529e-05,3091.27,0.40662764,3091.01,0.19410346,3091.29,0.02945336,3091.0,0.80879756,3091.31,0.07401569,3090.89,0.17,3091.32,0.03560836,3090.88,3.23531539,3091.38,0.391,3090.85,0.99765476,3091.39,1.26121873,3090.84,0.99765476,3091.4,1.29324412,3090.82,0.16175428,3091.42,0.23291899,3090.78,0.36353714,3091.43,0.8086883,3090.6,7.66053948
2024-05-17 19:45:12,3091.13,0.19410988,3091.01,0.80879484,3091.14,0.03141983,3090.89,3.23531036,3091.16,0.02062775,3090.88,0.19411134,3091.18,0.04372762,3090.87,0.52528781,3091.21,0.01830556,3090.6,7.66053948,3091.23,0.20681263,3090.59,1.91526691,3091.25,0.05152458,3090.58,16.17817976,3091.26,0.23292902,3090.56,0.99765476,3091.27,0.06072076,3090.55,0.99765476,3091.28,0.09560548,3090.52,1.26349786
2024-05-17 19:45:15,3091.31,0.20153873,3091.13,5.499e-05,3091.32,0.03976338,3091.06,0.19409968,3091.33,0.11751681,3091.05,0.80878665,3091.35,0.08494983,3090.92,0.23291898,3091.36,0.36353714,3090.91,3.23528946,3091.37,0.03052925,3090.89,0.69052201,3091.39,1.73350117,3090.87,2.77454857,3091.4,1.29324412,3090.83,0.99765476,3091.43,0.94889778,3090.82,0.99765476,3091.45,0.80868223,3090.62,0.32470243
2024-05-17 19:45:18,3091.27,0.00315378,3091.15,0.09704823,3091.36,0.36353714,3091.14,0.75585434,3091.38,0.391,3091.07,0.09704936,3091.39,1.73350123,3091.05,0.80878665,3091.4,1.29324412,3090.99,0.16174392,3091.43,0.94889778,3090.93,0.23291665,3091.45,0.80868223,3090.92,0.17,3091.54,1.50590469,3090.91,3.23528946,3091.55,1.94077304,3090.87,2.6127979,3091.56,3.23462172,3090.77,0.99765476
2024-05-17 19:45:21,3091.31,0.110717,3091.15,0.10589706,3091.35,0.09704807,3091.14,0.03220476,3091.36,0.36353714,3091.12,0.0970487,3091.38,0.391,3091.11,0.09704799,3091.39,1.24829192,3091.1,0.80877179,3091.4,1.29324412,3090.99,0.2329162,3091.43,0.94889778,3090.98,0.16174444,3091.5,1.30324224,3090.92,0.17,3091.51,0.80866844,3090.91,3.23528946,3091.54,1.50590469,3090.88,0.36353714
2024-05-17 19:45:24,3091.44,0.11712655,3091.3,0.09704435,3091.46,0.09704413,3091.29,0.80872376,3091.47,0.36353714,3091.23,0.32995004,3091.67,0.80862632,3091.22,0.16173232,3091.71,0.5,3091.16,0.17,3091.76,0.391,3091.15,3.33089317,3091.77,1.94061951,3091.14,0.03220476,3091.78,0.1617355,3090.97,0.36353714,3091.8,3.23436579,3090.91,0.99765476,3091.91,1.45046464,3090.9,0.99765476
2024-05-17 19:45:28,3091.34,0.19619952,3091.18,1.64895271,3091.37,1.51101885,3091.17,0.09704782,3091.38,1.51285215,3091.16,0.09704796,3091.39,0.36353714,3091.15,0.09585641,3091.41,0.02727664,3091.14,0.03220476,3091.43,0.6685672,3091.03,0.391,3091.44,0.00362128,3091.02,3.23517184,3091.54,1.42312021,3090.98,0.16174574,3091.56,0.80865429,3090.92,0.23291511,3091.6,0.16174627,3090.89,0.36353714
2024-05-17 19:45:30,3091.33,0.00602799,3091.16,0.93762955,3091.34,0.0991517,3091.15,0.19290485,3091.36,0.09704748,3091.14,0.03220476,3091.37,1.90201885,3091.11,0.80876919,3091.38,1.51285215,3091.02,3.23517184,3091.39,0.36353714,3090.91,0.52528656,3091.41,0.02727664,3090.9,0.23291406,3091.43,0.6685672,3090.87,2.24926076,3091.44,0.00362128,3090.83,1.071325,3091.49,0.16175173,3090.82,0.99765476
2024-05-17 19:45:33,3091.3,0.38098215,3091.17,0.19409768,3091.31,0.5,3091.16,0.825685,3091.36,0.09704859,3091.12,0.13077739,3091.37,1.10275426,3091.11,0.80876919,3091.38,1.6099009,3091.03,0.23291677,3091.39,0.36353714,3091.02,2.8731761,3091.41,0.02727664,3090.92,0.16174904,3091.43,0.1685672,3090.87,2.6127979,3091.44,0.00362128,3090.77,1.07438245,3091.48,0.98695383,3090.76,1.07438245
2024-05-17 19:45:36,3091.63,0.62111,3091.46,0.64849764,3091.64,0.80222308,3091.45,0.19407498,3091.65,1.33703839,3091.41,0.16172309,3091.74,0.60425406,3091.28,0.23289213,3091.76,0.09703828,3091.27,0.17,3091.77,0.36353714,3091.26,3.23492476,3091.8,1.00709,3091.24,0.36353714,3091.85,0.80857917,3091.16,0.07573828,3091.93,0.82154906,3091.14,1.07438245,3091.94,1.36924844,3091.13,1.07438245
2024-05-17 19:45:39,3091.76,0.10611009,3091.62,0.9006408,3091.77,0.52656088,3091.61,0.27993168,3091.8,0.87062714,3091.6,0.19078715,3091.91,0.80856355,3091.59,0.59617562,3091.94,0.5,3091.58,0.34228936,3091.95,0.2998681,3091.57,0.1606321,3091.98,1.81413837,3091.56,0.54615864,3092.02,3.41215968,3091.55,0.42456277,3092.1,1.936,3091.48,0.23288966,3092.14,1.02856803,3091.46,0.64849764
2024-05-17 19:45:42,3092.55,0.00351773,3092.49,0.09700811,3092.57,0.36353714,3092.48,0.80841223,3092.74,0.19401622,3092.36,0.09700811,3092.75,0.48567008,3092.35,0.23281947,3092.79,0.80945,3092.34,0.24989178,3092.91,0.391,3092.33,3.77687146,3092.92,1.47559255,3092.31,0.16167639,3092.93,0.16167639,3092.19,0.6,3092.98,2.12018592,3092.14,0.391,3092.99,1.93986922,3092.13,6.4676987
2024-05-17 19:45:46,3091.89,0.09703028,3091.79,0.09707488,3091.9,0.37372068,3091.72,0.0970296,3092.1,0.085,3091.71,0.80861268,3092.11,0.391,3091.62,0.391,3092.12,1.62460753,3091.61,3.2345592,3092.13,1.54959305,3091.53,6.46891203,3092.14,0.1848425,3091.52,0.16171722,3092.15,0.32646859,3091.5,0.23287093,3092.18,0.80849218,3091.38,0.36353714,3092.25,1.82541947,3091.34,17.52082008
2024-05-17 19:45:48,3091.53,0.19408512,3091.44,0.03235784,3091.54,0.51812235,3091.31,0.19408512,3091.55,0.5,3091.3,0.80872073,3091.57,0.37896603,3091.2,0.391,3091.67,0.391,3091.19,6.70256514,3091.68,1.48921454,3091.18,3.23501045,3091.69,0.16174155,3091.16,0.07573828,3091.7,1.70945904,3091.06,0.16174155,3091.79,0.30283466,3091.03,6.8332025,3091.8,1.22975584,3090.91,1.1855812
2024-05-17 19:45:51,3090.98,0.67049844,3090.76,0.58215501,3091.01,1.1174974,3090.63,0.58442501,3091.16,0.06349723,3090.51,1.1855812,3091.17,0.29727816,3090.5,1.1855812,3091.18,0.16176792,3090.43,1.34641374,3091.19,0.51578867,3090.37,16.179246,3091.2,0.13194781,3090.32,0.00048519,3091.42,0.6495919,3090.3,1.45825778,3091.43,0.85088868,3090.29,0.20681263,3091.44,0.56879123,3090.14,0.55828
2024-05-17 19:45:54,3091.02,0.0359925,3090.81,0.02524609,3091.06,0.5,3090.63,0.58442501,3091.07,0.12281359,3090.54,0.59648244,3091.09,0.19086798,3090.53,0.8089221,3091.1,0.36353714,3090.4,0.391,3091.12,0.391,3090.39,1.30114121,3091.13,0.87660191,3090.38,3.23583935,3091.16,0.06349723,3090.35,1.1855812,3091.17,0.29727816,3090.34,1.1855812,3091.19,1.46100319,3090.32,0.00048519
2024-05-17 19:45:57,3090.98,0.09706115,3090.64,0.88301693,3090.99,0.07237691,3090.63,0.58442501,3091.02,0.0359925,3090.56,0.23294857,3091.04,0.05859446,3090.55,0.16176844,3091.05,1.94106798,3090.54,0.75453714,3091.06,0.5,3090.53,0.8089221,3091.07,0.12281359,3090.52,0.94878114,3091.09,3.26946411,3090.39,1.30114121,3091.1,0.36353714,3090.38,3.23583935,3091.16,0.06349723,3090.34,1.1855812
2024-05-17 19:46:00,3090.84,0.13772802,3090.66,0.09706382,3090.85,0.48529781,3090.65,0.6775699,3090.89,0.80882958,3090.64,0.01683073,3091.0,0.28800307,3090.63,0.58442501,3091.01,0.391,3090.53,0.391,3091.02,0.39952964,3090.52,0.94878114,3091.05,1.94106798,3090.51,0.36353714,3091.06,0.5,3090.46,0.80894008,3091.07,0.12281359,3090.4,0.23295433,3091.09,3.23511323,3090.39,1.30114121
2024-05-17 19:46:04,3090.46,0.66048,3090.32,0.00048519,3090.48,0.00559883,3090.19,0.19415088,3090.49,0.0970766,3090.15,1.73658169,3090.5,0.09707597,3090.13,0.391,3090.51,0.06161407,3090.12,0.80902805,3090.53,0.01866851,3090.07,0.23297992,3090.54,0.04706575,3090.06,0.16179381,3090.56,1.34754393,3090.0,3.23624539,3090.57,0.57039916,3089.86,1.0,3090.58,0.391,3089.84,1.56511987
2024-05-17 19:46:06,3090.33,0.62111,3090.32,0.01187603,3090.36,0.09708009,3090.11,0.09708009,3090.4,0.80895719,3090.06,0.09707981,3090.45,0.36353714,3090.05,1.2718319,3090.53,0.01866851,3090.02,0.391,3090.54,0.43806575,3090.01,0.80905723,3090.55,1.86872321,3089.98,0.16179818,3090.58,3.23563937,3089.96,0.36353714,3090.59,0.20508209,3089.9,0.23299059,3090.6,0.19883125,3089.89,1.28555231
2024-05-17 19:46:09,3090.33,0.67230958,3090.32,0.70961808,3090.4,0.80895719,3090.18,0.95582025,3090.44,0.09707717,3090.13,0.19415434,3090.45,0.36353714,3090.12,0.2329852,3090.5,0.09707717,3090.05,1.2718319,3090.51,0.391,3090.01,0.80905723,3090.53,0.01866851,3089.98,0.16179818,3090.54,0.04706575,3089.96,0.36353714,3090.55,1.86872321,3089.89,1.28555231,3090.58,3.23563937,3089.88,3.23637082
2024-05-17 19:46:12,3090.48,0.005,3090.33,0.19414932,3090.49,0.58296921,3090.32,0.71706397,3090.5,0.5,3090.28,0.16178232,3090.52,0.09707466,3090.19,0.23297918,3090.53,0.36353714,3090.18,0.95582025,3090.59,0.80890875,3090.15,0.80901961,3090.62,0.09707466,3090.1,0.36353714,3090.69,0.01214489,3090.06,1.53425193,3090.7,1.94130222,3090.05,1.2718319,3090.71,3.23550369,3089.99,3.23625224
2024-05-17 19:46:16,3090.46,0.09707623,3090.32,0.01020003,3090.47,0.09707633,3090.25,0.65749452,3090.48,0.50146656,3090.24,0.38848448,3090.6,0.36353714,3090.23,0.65754982,3090.61,0.80890427,3090.22,0.67758996,3090.68,0.391,3090.2,0.70238754,3090.7,1.94130222,3090.19,0.53936551,3090.71,3.23550369,3090.18,1.76483342,3090.74,0.16179132,3090.14,0.16178948,3090.88,2.45349576,3090.13,0.391
2024-05-17 19:46:18,3090.48,0.50567338,3090.32,0.01078413,3090.5,0.36353714,3090.29,0.41612389,3090.61,0.80890427,3090.28,0.46849877,3090.69,0.391,3090.27,0.55281411,3090.7,1.94130222,3090.26,0.88626413,3090.71,3.23550369,3090.25,0.65749452,3090.74,0.16179132,3090.19,0.00866319,3090.88,2.45349576,3090.18,1.76483342,3090.89,1.955,3090.11,1.54449732,3090.91,1.36178182,3090.1,3.23613575
2024-05-17 19:46:21,3090.47,0.08482506,3090.32,0.72836013,3090.48,0.42821,3090.2,0.09707681,3090.49,0.36353714,3090.19,0.48807681,3090.53,0.54359539,3090.18,1.76483342,3090.55,0.19414975,3090.11,0.23297966,3090.56,0.80891672,3090.1,9.70795744,3090.65,0.391,3090.06,0.16179371,3090.66,0.5,3090.05,1.2718319,3090.67,0.16179469,3089.99,0.36353714,3090.7,1.94130222,3089.94,6.47182169
2024-05-17 19:46:24,3090.48,0.2050878,3090.33,0.22074711,3090.49,0.36353714,3090.32,0.00688488,3090.62,0.80889968,3090.3,0.59535138,3090.66,0.5,3090.28,0.16178223,3090.7,1.94130222,3090.23,1.29017096,3090.71,3.23550369,3090.22,0.16210398,3090.82,0.5,3090.18,0.95582025,3090.87,1.47209747,3090.1,9.70795744,3090.88,2.45349576,3090.05,1.2718319,3090.92,1.09705256,3089.99,0.36353714
2024-05-17 19:46:27,3090.48,1.36641854,3090.25,0.19415224,3090.49,0.36353714,3090.24,0.0039072,3090.52,0.09707612,3090.23,0.04225701,3090.53,0.8824311,3090.18,0.95582025,3090.54,0.5,3090.16,0.80901839,3090.55,0.80891872,3090.11,0.23298251,3090.58,0.16179973,3090.1,3.23613575,3090.65,1.45835903,3090.05,1.2718319,3090.7,1.94130222,3089.98,0.36353714,3090.71,3.23550369,3089.94,0.16179998
2024-05-17 19:46:31,3090.32,0.04757199,3090.24,0.74421956,3090.34,1.10004813,3090.23,0.04225701,3090.35,0.49286523,3090.19,0.0970791,3090.37,0.25160014,3090.18,0.95582025,3090.38,0.15368178,3090.11,0.80903251,3090.39,0.13839586,3090.05,1.2718319,3090.4,0.5,3089.99,0.23298878,3090.45,0.09707855,3089.98,3.59979782,3090.46,0.09707764,3089.94,0.16179998,3090.47,0.80894077,3089.93,0.46720485
2024-05-17 19:46:34,3090.39,0.40654478,3090.24,0.83491996,3090.4,0.5,3090.23,0.04225701,3090.46,0.19415496,3090.18,0.95582025,3090.47,1.19994077,3090.15,0.23298596,3090.48,0.60189718,3090.12,0.391,3090.49,0.36353714,3090.11,0.80903251,3090.58,0.16179973,3090.05,1.2718319,3090.59,1.94137125,3089.98,3.59979782,3090.6,3.23561863,3089.94,0.16179998,3090.65,1.45835903,3089.93,0.46720485
2024-05-17 19:46:37,3090.39,1.29169674,3090.24,0.74174968,3090.4,0.86353714,3090.23,0.04225701,3090.43,0.97075874,3090.19,0.09707753,3090.46,0.09707748,3090.18,0.95582025,3090.48,0.60189718,3090.07,0.391,3090.59,1.94137125,3090.06,0.80904531,3090.6,3.23561863,3090.05,1.2718319,3090.65,1.45835903,3089.99,0.23298602,3090.77,0.83491453,3089.98,3.23626068,3090.78,0.5,3089.93,0.46720485
2024-05-17 19:46:39,3090.31,0.06544423,3090.24,0.63714564,3090.34,1.23893962,3090.23,0.04225701,3090.35,0.80897038,3090.19,0.09707874,3090.4,0.86353714,3090.18,0.95582025,3090.46,0.19415748,3090.07,0.09707836,3090.47,2.03852151,3090.06,0.391,3090.48,0.60189718,3090.05,1.2718319,3090.5,3.3975358,3089.95,0.23298897,3090.65,1.45835903,3089.94,0.80907612,3090.71,0.26888,3089.93,0.46720485
2024-05-17 19:46:42,3090.05,0.5,3089.91,0.96631936,3090.07,0.43078996,3089.84,0.80910095,3090.22,0.48540124,3089.76,0.16180975,3090.23,0.80900196,3089.71,3.23654355,3090.33,0.36714685,3089.58,0.36353714,3090.38,4.234956,3089.54,1.38729205,3090.39,4.23773136,3089.53,0.54132146,3090.44,0.16180661,3089.49,1.1855812,3090.48,0.60189718,3089.48,1.1855812,3090.56,0.1262207,3089.46,1.0
2024-05-17 19:46:45,3090.04,1.03101252,3089.92,0.55326719,3090.05,0.40907908,3089.91,0.96631936,3090.06,0.4048133,3089.82,0.09708816,3090.07,0.3619902,3089.81,0.09708816,3090.08,0.40732396,3089.78,1.30926223,3090.1,1.15019973,3089.72,0.16181168,3090.11,0.80903369,3089.71,0.80913517,3090.12,0.36353714,3089.65,0.23301061,3090.13,0.09708816,3089.64,0.36353714,3090.14,0.5,3089.58,3.23668139
2024-05-17 19:46:48,3089.99,0.11316999,3089.92,0.37922241,3090.0,0.22361701,3089.91,0.01485527,3090.01,0.1139421,3089.77,0.09708859,3090.02,1.89990813,3089.76,0.09708855,3090.03,0.36353714,3089.75,0.8091244,3090.04,1.70945,3089.74,0.16181047,3090.1,0.09708855,3089.62,0.23301337,3090.11,0.80903369,3089.58,3.23668139,3090.13,0.09708859,3089.55,0.36353714,3090.14,0.5,3089.52,1.1855812
2024-05-17 19:46:52,3089.97,0.70296624,3089.92,0.37922241,3090.02,0.891,3089.91,0.01485527,3090.03,1.98619347,3089.78,0.09708906,3090.04,1.70945,3089.77,0.23301348,3090.09,0.99497721,3089.75,0.8091244,3090.1,0.09708906,3089.72,1.30267057,3090.11,0.80903369,3089.61,0.16181742,3090.23,0.09708895,3089.58,3.23668139,3090.24,2.10341365,3089.57,1.1855812,3090.25,3.23599414,3089.56,1.1855812
2024-05-17 19:46:54,3090.02,0.58711054,3089.92,0.37922241,3090.03,1.98619347,3089.91,0.01485527,3090.04,1.70945,3089.87,0.09708911,3090.08,0.09708911,3089.86,0.09708911,3090.09,0.99497721,3089.85,0.96884748,3090.11,0.80903369,3089.76,0.391,3090.18,0.09708832,3089.75,0.8091244,3090.19,1.29192609,3089.68,0.16181368,3090.23,1.61715005,3089.62,0.23301386,3090.24,1.94159649,3089.58,3.23668139
2024-05-17 19:46:57,3090.03,2.07608371,3089.92,0.37922241,3090.04,1.70945,3089.91,0.01485527,3090.09,0.99497721,3089.86,0.19417632,3090.1,0.09708816,3089.85,0.96884748,3090.11,0.80903369,3089.76,0.62401197,3090.18,0.09708816,3089.75,0.8091244,3090.19,1.29192609,3089.69,1.26448237,3090.23,1.61715005,3089.68,0.16181368,3090.24,1.94159649,3089.6,1.1855812,3090.25,3.23599414,3089.59,1.1855812
2024-05-17 19:47:00,3090.01,0.59619886,3089.91,0.01485527,3090.03,1.98619347,3089.87,0.09708949,3090.04,1.70945,3089.86,0.09708953,3090.08,0.09708953,3089.85,0.96884748,3090.09,0.99497721,3089.79,0.80911403,3090.13,0.09708949,3089.71,0.391,3090.14,0.80902709,3089.7,0.16181259,3090.19,1.29192609,3089.69,1.26448237,3090.23,1.61715005,3089.61,0.23301488,3090.24,1.94159649,3089.6,1.1855812
2024-05-17 19:47:03,3090.03,1.70658772,3089.91,0.54973735,3090.04,1.70945,3089.76,0.09708832,3090.08,0.09708832,3089.75,0.09708832,3090.09,0.99497721,3089.74,0.80912882,3090.14,0.80902709,3089.7,0.391,3090.19,1.29192609,3089.69,1.42629554,3090.24,1.94159649,3089.63,1.1855812,3090.25,3.23599414,3089.62,0.23301552,3090.32,0.43016318,3089.61,7.65840827,3090.33,0.36714685,3089.59,1.39809461
2024-05-17 19:47:06,3089.98,0.37795037,3089.91,0.54973735,3089.99,0.31386552,3089.76,0.19417822,3090.0,0.14644511,3089.75,0.23301159,3090.01,0.17497008,3089.74,0.80912882,3090.02,0.68567866,3089.7,0.391,3090.03,1.89410492,3089.69,1.42629554,3090.04,1.70945,3089.64,1.1855812,3090.08,0.09708911,3089.63,1.1855812,3090.09,0.99497721,3089.61,6.47282707,3090.1,0.09708911,3089.59,1.39809461
2024-05-17 19:47:10,3090.03,1.96350889,3089.91,0.36374597,3090.04,1.70945,3089.85,0.19417664,3090.08,0.09708832,3089.84,0.95154415,3090.09,0.99497721,3089.76,0.23301226,3090.13,0.09708832,3089.75,0.391,3090.14,0.80902709,3089.74,0.80912882,3090.19,1.29192609,3089.69,1.26448237,3090.24,1.94159649,3089.68,0.16181358,3090.25,3.23599414,3089.64,1.1855812,3090.26,0.5,3089.63,1.1855812
2024-05-17 19:47:12,3089.96,0.19632313,3089.91,0.52323025,3089.97,0.17517166,3089.85,0.09708936,3089.98,0.07064985,3089.84,0.0970906,3089.99,0.06553357,3089.83,0.96925152,3090.0,0.04280644,3089.77,0.23301446,3090.03,1.89198432,3089.74,1.20012882,3090.04,1.70945,3089.68,0.16181359,3090.08,0.09708936,3089.64,1.1855812,3090.09,0.99497721,3089.63,1.1855812,3090.13,0.0970906,3089.59,1.39809461
2024-05-17 19:47:15,3089.92,0.15149608,3089.91,0.52558109,3089.96,0.0274508,3089.75,0.19417928,3089.97,0.16226363,3089.74,0.80912882,3089.98,0.11283335,3089.66,1.28697779,3089.99,0.13326775,3089.65,0.6240142,3090.02,0.391,3089.64,1.34739697,3090.03,2.35032554,3089.63,1.1855812,3090.04,1.70945,3089.59,1.39809461,3090.08,0.19417928,3089.58,3.23668139,3090.09,1.80401549,3089.49,0.51446919
2024-05-17 19:47:18,3089.8,0.10033581,3089.7,0.09709193,3089.84,0.28839986,3089.69,0.09709502,3089.85,0.62868179,3089.68,0.80914435,3089.86,0.36382958,3089.58,3.23668139,3089.87,0.29780223,3089.55,0.16182049,3089.88,0.48452594,3089.5,0.23302794,3089.92,0.03016599,3089.49,0.51446919,3089.93,0.36353714,3089.44,1.1855812,3089.97,0.09709502,3089.43,1.1855812,3089.98,0.0397,3089.39,0.36402248
2024-05-17 19:47:19,3089.8,0.0194854,3089.7,0.45040583,3089.84,0.28839986,3089.69,0.19418958,3089.85,0.62868807,3089.68,0.80914435,3089.86,0.36382958,3089.59,0.391,3089.87,0.29780205,3089.58,3.23668139,3089.88,0.48452594,3089.55,0.16182049,3089.97,0.09709479,3089.5,0.23302794,3089.98,0.0397,3089.49,0.51446919,3089.99,0.5,3089.44,1.1855812,3090.03,2.35032554,3089.43,1.1855812
2024-05-17 19:47:22,3089.88,0.4426373,3089.72,0.09709382,3089.89,0.32462376,3089.71,4.531e-05,3089.9,0.288483,3089.7,0.10077199,3089.91,0.07139532,3089.69,0.94837713,3089.92,0.01781529,3089.68,0.80914435,3089.98,0.0397,3089.65,0.391,3089.99,0.5,3089.64,1.304065,3090.02,0.391,3089.63,0.16181644,3090.03,2.35032554,3089.58,3.23668139,3090.04,2.51850135,3089.5,0.23302268
2024-05-17 19:47:24,3089.95,0.09709242,3089.7,0.57896637,3089.96,0.02183803,3089.69,0.65855118,3089.97,0.09709712,3089.68,0.80914435,3089.98,0.0397,3089.58,4.1963303,3089.99,0.5,3089.56,0.16181934,3090.02,0.391,3089.51,1.1855812,3090.03,2.35032554,3089.5,0.23302949,3090.04,2.51850135,3089.49,0.51446919,3090.09,0.99497721,3089.41,1.1855812,3090.19,1.29192609,3089.39,0.36402248
2024-05-17 19:47:27,3089.71,0.31539228,3089.7,0.45705608,3089.74,0.09709663,3089.69,0.00367823,3089.75,0.35023007,3089.62,0.80915924,3089.76,0.32435505,3089.6,0.09709664,3089.77,1.61353788,3089.59,0.09709663,3089.78,1.45665452,3089.58,0.95964891,3089.92,0.09709664,3089.47,3.23679968,3089.93,0.68776085,3089.43,0.23303192,3089.94,0.36353714,3089.41,1.1855812,3089.98,0.20153026,3089.39,0.00048534
2024-05-17 19:47:30,3089.41,0.13674057,3089.2,0.19422013,3089.49,0.09710889,3089.19,1.15895254,3089.5,0.5,3089.13,0.391,3089.58,1.09462429,3089.12,3.24700694,3089.59,0.80916999,3089.08,2.61987485,3089.6,0.36353714,3089.07,0.45009256,3089.71,0.11374106,3088.99,0.23306548,3089.73,0.26425,3088.98,1.31673179,3089.76,2.10373379,3088.9,1.1855812,3089.77,3.23648817,3088.89,1.1855812
2024-05-17 19:47:34,3089.59,0.04593736,3089.42,1.01172814,3089.6,0.36353714,3089.41,0.6949195,3089.65,0.48549042,3089.4,1.5222698,3089.66,0.80915065,3089.39,0.72104796,3089.71,0.11374106,3089.38,1.21946419,3089.75,0.391,3089.37,0.99405955,3089.76,1.94189299,3089.36,1.16316278,3089.77,3.23648817,3089.3,0.23305165,3089.93,1.5474631,3089.29,0.80924682,3089.96,1.33562983,3089.19,4.531e-05
2024-05-17 19:47:37,3089.68,0.36353714,3089.42,1.17711546,3089.71,0.11374106,3089.41,0.50977723,3089.77,0.39710216,3089.4,0.62981366,3089.78,0.5,3089.39,0.09710095,3089.83,0.16183684,3089.38,0.36529935,3089.88,0.391,3089.34,0.09710352,3089.89,1.94181368,3089.33,0.80923683,3089.9,3.23635613,3089.26,0.62404844,3089.93,2.50282393,3089.25,3.23702408,3089.98,0.0397,3089.19,0.16188267
2024-05-17 19:47:40,3089.98,0.01895774,3089.94,0.80382836,3090.04,1.70945,3089.93,0.16179939,3090.09,0.09708775,3089.76,0.09708775,3090.11,0.09708774,3089.75,0.48808774,3090.12,0.10444621,3089.74,1.33140118,3090.2,0.36353714,3089.73,3.23652788,3090.33,0.36714685,3089.69,0.59654853,3090.37,0.48537695,3089.68,6.47372799,3090.38,0.5,3089.66,1.7673812,3090.39,0.80896148,3089.57,6.47372799
2024-05-17 19:47:42,3090.48,0.60399953,3090.47,0.55750549,3090.63,0.0004855,3090.44,0.38039749,3090.65,0.19414492,3090.43,0.89561382,3090.66,0.36353714,3090.42,0.80894988,3090.68,0.07765702,3090.35,1.05606219,3090.83,0.391,3090.34,1.78574885,3090.84,7.01787669,3090.33,1.00327257,3090.88,0.94805408,3090.32,1.12535429,3090.9,14.94016633,3090.29,0.22754282,3090.92,0.80882241,3090.28,3.23594627
2024-05-17 19:47:45,3090.48,0.40770615,3090.47,0.71232106,3090.63,0.0004855,3090.44,0.28332503,3090.65,0.19414492,3090.43,1.12484084,3090.66,0.36353714,3090.42,0.80894988,3090.68,0.07765702,3090.36,0.09707246,3090.81,0.391,3090.35,0.25776146,3090.82,1.38580397,3090.34,0.7626284,3090.85,0.16178415,3090.32,0.31765816,3090.87,0.80883498,3090.29,0.22754282,3090.88,0.94805408,3090.28,3.23594627
2024-05-17 19:47:48,3090.48,0.0756767,3090.27,0.80898852,3090.5,0.5,3090.24,0.19415242,3090.56,0.0970754,3090.18,0.62398182,3090.57,0.36353714,3090.17,1.2585375,3090.63,0.16228112,3090.15,3.23607988,3090.65,0.391,3090.08,6.47272233,3090.66,0.53192007,3090.06,0.36353714,3090.68,0.07765702,3090.02,6.47272233,3090.71,0.80887642,3089.99,0.16179637,3090.81,0.80945,3089.95,0.95632924
2024-05-17 19:47:51,3090.37,0.10233527,3090.21,0.19415626,3090.38,0.17548783,3090.2,0.50313603,3090.4,0.14546332,3090.14,0.80902392,3090.41,0.1938701,3090.09,0.391,3090.42,0.28320516,3090.08,6.47272233,3090.43,0.40893807,3090.02,9.70893693,3090.44,0.51189863,3089.96,0.23298908,3090.5,0.50680456,3089.95,0.95632924,3090.55,0.58242875,3089.94,2.4360989,3090.56,0.97071445,3089.9,0.16180093
2024-05-17 19:47:54,3090.35,0.10735926,3090.15,0.19415904,3090.42,0.09707952,3090.14,0.80902392,3090.43,0.40893807,3090.09,0.391,3090.44,0.51189863,3090.08,6.47272233,3090.5,0.00680456,3090.03,0.23299086,3090.53,0.48534923,3090.02,9.70893693,3090.55,0.55280003,3089.98,1.29567966,3090.56,0.80891535,3089.95,1.11812746,3090.63,0.0004855,3089.94,0.36353714,3090.67,1.42177899,3089.76,2.03628832
2024-05-17 19:47:57,3090.39,0.13919295,3090.18,0.19415604,3090.4,0.09707802,3090.17,1.24626998,3090.41,0.11222254,3090.04,0.391,3090.43,0.13449553,3090.03,1.70956038,3090.45,0.10960606,3090.02,3.59975174,3090.46,0.09707802,3089.98,1.29567966,3090.47,0.20153932,3089.95,0.95632924,3090.5,0.00680456,3089.86,2.07256176,3090.52,0.70347157,3089.73,16.18262453,3090.53,0.36353714,3089.63,0.5
2024-05-17 19:48:01,3090.44,0.10852699,3090.22,0.80900142,3090.45,0.07850088,3090.05,0.16179296,3090.47,0.09302622,3090.04,0.391,3090.5,0.00680456,3090.03,1.31477535,3090.53,0.33989746,3090.02,3.2362146,3090.54,0.36353714,3090.0,0.36353714,3090.59,0.20295853,3089.98,1.29567966,3090.6,0.22606557,3089.95,0.95632924,3090.61,0.86895505,3089.9,0.23298483,3090.63,0.0004855,3089.89,2.07256176
2024-05-17 19:48:03,3090.44,0.10819876,3090.23,0.60549916,3090.45,0.41132904,3090.22,0.80900142,3090.47,0.19557682,3090.08,0.09707681,3090.48,0.07862627,3090.07,0.23298348,3090.49,0.17212328,3090.05,6.47184263,3090.5,0.0970741,3090.03,1.31477535,3090.52,0.12341602,3090.02,3.2362146,3090.54,0.36353714,3090.0,0.36353714,3090.61,0.16179648,3089.99,0.16179648,3090.62,0.80890126,3089.98,1.29567966
2024-05-17 19:48:06,3089.79,0.12298201,3089.6,0.19419267,3089.84,0.09709613,3089.49,0.391,3089.85,0.16183647,3089.48,3.18358456,3089.86,0.05560026,3089.46,0.23303168,3089.87,0.09627745,3089.45,0.36353714,3089.88,0.02810173,3089.39,0.00048539,3089.9,0.62932197,3089.27,0.54562207,3089.91,0.36353714,3089.24,0.16183545,3089.92,0.5,3089.23,1.27919189,3089.93,0.80908081,3089.2,1.91172528
2024-05-17 19:48:09,3089.78,0.19419772,3089.48,0.1941955,3089.79,0.21192386,3089.47,0.80919974,3089.8,0.19139702,3089.46,0.36353714,3089.82,0.09036489,3089.39,0.00048539,3089.83,0.69293221,3089.38,0.39486765,3089.84,0.91283009,3089.33,3.23694498,3089.86,0.5,3089.19,4.531e-05,3089.91,0.36353714,3089.18,0.52625865,3089.99,0.391,3089.13,1.61278832,3090.0,0.16182842,3089.11,0.71426507
2024-05-17 19:48:12,3089.62,0.0014056,3089.44,0.56411936,3089.64,0.10551533,3089.43,0.09710043,3089.65,0.1036598,3089.39,0.00048539,3089.66,0.07043044,3089.38,0.36353714,3089.67,0.17109151,3089.35,0.80923009,3089.69,0.00170539,3089.23,0.391,3089.71,0.085,3089.22,0.23304362,3089.72,0.48547984,3089.21,3.23707059,3089.73,0.80913301,3089.19,4.531e-05,3089.75,0.16184193,3089.13,1.61278832
2024-05-17 19:48:15,3089.64,0.09710259,3089.45,0.19420518,3089.65,0.51472046,3089.44,0.01125122,3089.78,0.09710259,3089.39,0.23353013,3089.79,1.09459172,3089.38,1.17276085,3089.8,0.80911564,3089.35,0.16182984,3089.82,0.36353714,3089.22,0.391,3089.87,2.58159658,3089.21,3.23706655,3089.88,1.44823831,3089.19,4.531e-05,3089.92,3.23633586,3089.09,0.32412008,3089.98,0.42385984,3089.08,2.25633771
2024-05-17 19:48:18,3089.55,0.00759841,3089.45,0.09710217,3089.64,0.21523364,3089.44,0.01125122,3089.65,0.5,3089.41,0.80921565,3089.86,0.391,3089.4,0.36353714,3089.87,2.58159658,3089.39,0.00048539,3089.88,1.44823831,3089.36,0.16182904,3089.89,0.36353714,3089.27,0.23304163,3089.92,3.23633586,3089.22,0.391,3089.98,0.26203,3089.21,3.23706655,3090.01,0.5,3089.19,4.531e-05
2024-05-17 19:48:21,3089.53,0.12444274,3089.44,0.01125122,3089.54,0.59321046,3089.41,0.80921565,3089.55,0.26849258,3089.39,0.00048539,3089.56,0.75285006,3089.31,0.19420782,3089.57,0.27399953,3089.3,0.36353714,3089.58,0.44379876,3089.22,0.391,3089.59,0.53204707,3089.21,3.23706655,3089.63,0.09710367,3089.19,4.531e-05,3089.64,0.11212863,3089.1,0.23304893,3089.72,0.16184322,3089.09,0.4859633
2024-05-17 19:48:24,3089.58,0.13075046,3089.44,0.01125122,3089.59,0.09710287,3089.42,0.09710292,3089.6,0.5,3089.41,0.80921565,3089.67,0.1618461,3089.31,0.09710292,3089.77,1.09459527,3089.3,0.36353714,3089.78,0.80912152,3089.22,0.391,3089.8,0.36353714,3089.21,3.23706655,3089.87,2.58159658,3089.19,4.531e-05,3089.92,3.23633586,3089.1,0.233047,3089.96,0.26162,3089.09,1.36275645
2024-05-17 19:48:27,3089.56,0.29479562,3089.44,0.50448579,3089.57,1.91740643,3089.37,0.09710287,3089.58,0.79181832,3089.36,0.09710273,3089.59,0.56367981,3089.3,0.80924462,3089.6,0.7325171,3089.28,0.36353714,3089.61,0.83182296,3089.22,0.6240448,3089.7,0.61522855,3089.21,3.23706655,3089.71,1.02538078,3089.19,4.531e-05,3089.74,0.8091318,3089.13,0.16184129,3089.87,2.58159658,3089.09,1.36275645
2024-05-17 19:48:30,3089.53,0.39016433,3089.44,0.01125122,3089.54,0.63841151,3089.4,0.19420738,3089.55,0.86494447,3089.39,0.80922109,3089.56,0.42128189,3089.25,0.36353714,3089.57,0.32724197,3089.22,0.62404704,3089.58,0.95367001,3089.21,3.23706655,3089.59,0.56367981,3089.2,0.5,3089.67,0.09710369,3089.19,4.531e-05,3089.7,0.51812229,3089.14,0.47702625,3089.71,0.86353714,3089.09,1.36275645
2024-05-17 19:48:33,3089.56,0.55047164,3089.44,0.58016265,3089.58,0.16185087,3089.35,0.19420618,3089.67,0.19420618,3089.34,0.8092341,3089.68,0.93474817,3089.22,0.391,3089.69,0.80914283,3089.21,3.23706655,3089.72,0.36353714,3089.19,4.531e-05,3089.87,2.58159658,3089.16,0.36353714,3089.91,1.60063937,3089.11,0.23304742,3089.92,3.49732586,3089.1,0.5,3090.07,1.12448927,3089.09,1.36275645
2024-05-17 19:48:36,3089.45,0.35455662,3089.44,0.55872313,3089.47,1.57039974,3089.23,0.09710451,3089.48,0.87528309,3089.22,0.09710451,3089.49,0.67834434,3089.2,7.28289202,3089.51,1.01944935,3089.19,4.531e-05,3089.55,0.09710451,3089.1,0.23305081,3089.56,0.5,3089.09,3.23719867,3089.57,0.09710451,3089.08,2.61987485,3089.58,0.80917392,3089.07,2.07256176,3089.63,0.90216018,3089.04,6.47362322
2024-05-17 19:48:39,3089.3,0.16231213,3089.2,0.08136344,3089.33,0.66331836,3089.13,0.09711032,3089.34,0.26822946,3089.12,0.36353714,3089.4,0.36379171,3089.1,0.09711203,3089.41,0.23306126,3089.09,3.23719867,3089.43,0.391,3088.99,0.5,3089.44,0.5,3088.98,0.53739916,3089.5,0.16185462,3088.88,0.16185462,3089.59,0.80917093,3088.84,2.28119009,3089.64,0.62505714,3088.83,0.54562207
2024-05-17 19:48:42,3089.42,0.16861348,3089.22,0.1942175,3089.43,0.3422723,3089.21,1.66590745,3089.44,0.5,3089.2,0.07710374,3089.57,0.23306222,3089.16,0.391,3089.58,0.55285059,3089.15,0.51964906,3089.59,0.80917093,3089.12,0.36353714,3089.64,0.36353714,3089.09,3.23719867,3089.67,1.94193917,3088.99,0.5,3089.7,3.23656525,3088.98,0.00060537,3089.76,0.26152,3088.95,0.16185059
2024-05-17 19:48:45,3089.54,0.17285005,3089.31,0.80924216,3089.56,0.5,3089.3,0.19421124,3089.62,0.0971053,3089.2,0.07710374,3089.63,0.99647953,3089.16,0.55283987,3089.64,0.36353714,3089.15,0.51964906,3089.65,0.80915553,3089.11,0.36353714,3089.66,0.391,3089.09,3.23719867,3089.73,0.23305348,3088.99,0.5,3089.76,0.16184119,3088.98,0.00060537,3089.8,1.94186735,3088.96,0.2277675
2024-05-17 19:48:48,3089.54,0.17348404,3089.4,0.9567177,3089.55,0.09710389,3089.37,0.09710433,3089.56,0.5,3089.36,0.80922726,3089.64,0.36353714,3089.24,0.391,3089.74,0.09710428,3089.23,0.16183595,3089.75,0.2330526,3089.2,3.31417924,3089.76,0.391,3089.15,0.51964906,3089.77,0.80912359,3089.11,0.36353714,3089.8,1.94186735,3089.01,0.72795523,3089.81,3.23644545,3089.0,0.22795523
2024-05-17 19:48:52,3089.55,0.09710372,3089.4,0.80778103,3089.56,0.51858385,3089.23,0.09710372,3089.68,0.09710372,3089.22,0.09710372,3089.69,0.23304895,3089.21,0.391,3089.71,0.80070095,3089.2,3.31417924,3089.72,0.36353714,3089.15,0.51964906,3089.76,0.391,3089.14,0.16184082,3089.77,0.97096441,3089.11,0.36353714,3089.9,2.09383217,3089.02,1.60543083,3089.91,0.91492423,3089.01,0.72795523
2024-05-17 19:48:54,3089.53,0.02977001,3089.4,0.8076904,3089.55,1.41344544,3089.23,0.097104,3089.57,0.74136387,3089.22,0.09710352,3089.58,0.70704027,3089.21,0.391,3089.59,0.40746436,3089.2,3.31417924,3089.6,0.34809729,3089.15,0.51964906,3089.61,0.60138688,3089.14,0.16184082,3089.62,0.17923528,3089.11,0.36353714,3089.63,0.28671124,3089.06,0.22795523,3089.7,0.2330496,3089.05,0.22795523
2024-05-17 19:48:58,3089.3,0.03713225,3089.29,1.67466396,3089.33,0.69369678,3089.22,0.09710765,3089.34,0.67607572,3089.21,0.09710622,3089.35,0.25179776,3089.2,3.31417924,3089.36,0.68561279,3089.15,0.51964906,3089.39,0.09710859,3089.02,1.3774756,3089.46,0.09710953,3089.01,0.86353714,3089.47,0.12340959,3088.98,0.00060537,3089.53,0.23306288,3088.89,0.22795523,3089.54,0.16185255,3088.88,0.16185438
2024-05-17 19:49:00,3089.46,0.14055016,3089.32,0.09710673,3089.47,0.12340959,3089.31,0.86570056,3089.48,0.39711157,3089.3,0.09710661,3089.49,0.5,3089.29,0.80924596,3089.53,0.09710673,3089.2,3.31417924,3089.54,0.16185255,3089.15,0.51964906,3089.6,0.62405745,3089.02,1.3774756,3089.61,0.84902674,3089.01,0.86353714,3089.67,0.80914925,3088.98,0.00060537,3089.81,1.94186361,3088.94,0.22795523
2024-05-17 19:49:04,3089.32,0.10026133,3089.23,0.80926104,3089.33,0.04831685,3089.2,0.07710374,3089.34,0.09911314,3089.16,0.19421986,3089.35,0.12023514,3089.15,0.51964906,3089.36,0.07045675,3089.09,0.391,3089.37,0.24103341,3089.08,3.23719958,3089.38,0.19204013,3089.01,0.36353714,3089.39,0.06968957,3088.98,0.00060537,3089.47,0.12340959,3088.91,0.5,3089.48,0.92795029,3088.9,0.22795523
2024-05-17 19:49:06,3089.45,0.00468693,3089.26,0.1942148,3089.46,0.20473006,3089.25,0.89086046,3089.47,0.12330049,3089.23,0.80926104,3089.48,0.7219079,3089.2,0.07710374,3089.49,0.5,3089.15,0.51964906,3089.53,0.23305875,3089.09,0.391,3089.54,0.16185255,3089.08,3.23719958,3089.57,0.391,3089.01,0.36353714,3089.58,0.48549743,3088.98,0.00060537,3089.59,0.36353714,3088.91,0.5
2024-05-17 19:49:10,3089.45,0.12816266,3089.24,0.19421593,3089.47,0.12330049,3089.23,0.80926104,3089.48,0.53694679,3089.2,0.07710374,3089.49,0.5,3089.15,0.51964906,3089.53,0.23305875,3089.09,0.391,3089.54,0.16185255,3089.08,3.23719958,3089.57,0.391,3089.0,0.36353714,3089.58,0.80917332,3088.98,0.00060537,3089.59,0.36353714,3088.97,0.23418945,3089.68,0.90325797,3088.96,0.23418945
2024-05-17 19:49:12,3089.33,0.02442512,3089.21,0.98933102,3089.34,0.91210501,3089.2,0.07710374,3089.35,0.55522956,3089.16,0.09711018,3089.36,0.20856531,3089.15,1.32893075,3089.37,0.12893303,3089.08,3.23719958,3089.38,0.25243634,3089.0,0.36353714,3089.39,0.09577613,3088.98,0.23479482,3089.4,0.22140065,3088.97,0.23418945,3089.46,0.16185682,3088.96,0.23418945,3089.47,0.35636491,3088.95,0.23418945
2024-05-17 19:49:15,3089.0,0.52944923,3088.97,0.35984875,3089.15,0.19423856,3088.95,0.31052607,3089.16,0.36353714,3088.93,0.3384338,3089.26,0.23308781,3088.92,0.31131659,3089.28,1.03271057,3088.91,0.37929355,3089.29,0.80924756,3088.9,0.09711928,3089.37,0.12339282,3088.89,0.391,3089.44,1.94209909,3088.88,0.80935345,3089.45,3.23683173,3088.85,0.09711928,3089.46,0.16185693,3088.84,0.02838288
2024-05-17 19:49:18,3089.2,0.32470645,3089.19,1.05009303,3089.21,0.5,3089.16,0.26765509,3089.3,0.19422536,3089.15,0.49000852,3089.31,0.36353714,3089.14,0.51237597,3089.36,0.09449344,3089.13,0.14718942,3089.44,0.95707682,3089.12,0.26598694,3089.45,0.62407056,3089.11,0.09711268,3089.47,0.80920237,3089.1,0.25974248,3089.5,0.16185502,3089.07,0.09711268,3089.56,1.79696331,3089.06,0.80930637
2024-05-17 19:49:22,3089.2,0.19900725,3089.19,0.89736262,3089.21,0.5,3089.16,0.26765509,3089.24,0.68637389,3089.15,0.49000852,3089.25,0.94973097,3089.14,0.51237597,3089.3,0.19422524,3089.13,0.14718942,3089.31,0.36353714,3089.12,0.26598694,3089.33,0.07236923,3089.1,0.25974248,3089.38,1.26634727,3089.07,0.09711262,3089.41,0.23307042,3089.06,0.90641899,3089.47,0.80920237,3089.05,0.04686229
2024-05-17 19:49:24,3089.3,0.10972949,3089.24,0.08019472,3089.31,0.36353714,3089.23,0.14139306,3089.32,0.5,3089.22,0.14880902,3089.37,0.92025049,3089.21,0.12868213,3089.38,1.26634727,3089.2,0.32651884,3089.47,0.80920237,3089.19,0.89736262,3089.49,0.16185515,3089.17,0.09711038,3089.55,0.23306536,3089.16,0.26765509,3089.56,1.79696331,3089.06,0.80930637,3089.58,3.23668885,3089.05,0.04686229
2024-05-17 19:49:27,3089.29,0.19885008,3089.28,0.6654829,3089.3,0.36353714,3089.25,0.30182248,3089.32,0.5,3089.24,1.17832145,3089.33,1.02350486,3089.23,1.24435069,3089.37,0.04849408,3089.22,1.41573454,3089.38,1.26634727,3089.21,0.95590728,3089.47,0.80920237,3089.08,0.19422644,3089.49,0.16185515,3089.06,0.80930637,3089.55,0.23306349,3088.91,0.16185298,3089.56,1.79696331,3088.9,0.23418945
2024-05-17 19:49:31,3089.29,0.10132002,3089.16,1.60562806,3089.3,0.6741311,3089.01,0.09711158,3089.31,0.36353714,3089.0,0.09711158,3089.32,0.5,3088.99,0.391,3089.37,0.04849408,3088.98,3.23730839,3089.55,0.391,3088.93,0.16185184,3089.56,0.97102939,3088.85,0.23418945,3089.59,0.23306779,3088.84,0.26257233,3089.63,0.75374595,3088.83,0.23418945,3089.64,0.5,3088.82,0.23418945
2024-05-17 19:49:33,3089.28,0.64896535,3089.17,0.09711189,3089.3,0.19422316,3089.16,0.80308544,3089.31,0.36353714,3089.11,0.09711189,3089.32,0.5,3089.1,0.80929672,3089.37,0.04849408,3088.99,0.391,3089.5,0.48551473,3088.98,3.23730839,3089.51,0.80919113,3088.92,0.16185242,3089.54,0.391,3088.87,0.23418945,3089.55,0.39492021,3088.86,0.23418945,3089.63,0.75374595,3088.85,0.23418945
2024-05-17 19:49:37,3089.19,0.13712235,3089.18,1.41418155,3089.2,0.5,3089.15,1.495663,3089.29,0.09711468,3089.14,0.66779193,3089.3,0.09711495,3089.13,1.56691478,3089.31,0.36353714,3089.12,0.55544268,3089.36,0.161862,3089.11,1.34120211,3089.44,1.01636688,3089.1,1.03294952,3089.45,0.80920717,3089.09,0.0971129,3089.46,0.23307096,3089.05,0.8093102,3089.52,0.25772,3088.9,3.23739486
2024-05-17 19:49:39,3089.02,0.52209256,3088.97,1.74589568,3089.17,0.19423794,3088.9,3.23739486,3089.18,0.2330859,3088.85,0.19423794,3089.19,0.12344396,3088.84,0.02838288,3089.21,0.36353714,3088.67,2.2886274,3089.3,0.48553859,3088.66,0.36353714,3089.31,0.16186485,3088.64,0.16186721,3089.36,0.80923086,3088.63,0.23418945,3089.44,0.25773,3088.62,0.23418945,3089.47,1.45850377,3088.61,0.23418945
2024-05-17 19:49:42,3089.03,0.52395803,3088.97,1.74589568,3089.16,0.09711881,3088.9,3.23739486,3089.17,0.09711897,3088.85,0.19423778,3089.18,0.2330859,3088.84,0.02838288,3089.19,0.12344396,3088.67,2.2886274,3089.2,0.80355304,3088.66,0.36353714,3089.21,0.36353714,3088.64,0.16186721,3089.24,0.97571792,3088.63,0.23418945,3089.3,0.48553859,3088.62,0.23418945,3089.31,0.16186485,3088.61,0.23418945
2024-05-17 19:49:45,3089.0,0.54629188,3088.97,1.27992272,3089.01,0.19423774,3088.9,3.23739486,3089.03,0.5,3088.85,0.09711887,3089.07,0.09451818,3088.84,0.02838288,3089.18,0.55287168,3088.68,0.09711928,3089.19,0.23308627,3088.67,2.2886274,3089.2,0.58543081,3088.64,0.23418945,3089.21,0.36353714,3088.63,0.23418945,3089.24,0.97571792,3088.62,0.23418945,3089.3,0.88719586,3088.61,0.59772659
2024-05-17 19:49:48,3089.0,0.35075404,3088.97,0.25878083,3089.01,0.5,3088.91,0.80934506,3089.05,0.09711947,3088.86,0.09711941,3089.06,0.09711941,3088.85,0.09711941,3089.07,0.09451818,3088.84,0.02838288,3089.17,0.6240865,3088.79,0.391,3089.18,0.74730243,3088.78,3.23752018,3089.21,0.36353714,3088.67,2.2886274,3089.24,0.97571792,3088.64,0.23418945,3089.29,1.53843653,3088.63,0.23418945
2024-05-17 19:49:51,3089.0,0.33215911,3088.97,0.22795841,3089.01,0.5,3088.91,0.80934506,3089.15,0.09711956,3088.85,0.19423894,3089.16,0.16948796,3088.84,0.02838288,3089.18,0.58543075,3088.79,0.391,3089.2,0.391,3088.78,3.23752018,3089.21,0.36353714,3088.71,0.36353714,3089.24,0.97571792,3088.68,0.16186502,3089.29,0.23308673,3088.67,2.2886274,3089.3,0.94788824,3088.64,0.23418945
2024-05-17 19:49:54,3089.1,0.0042066,3089.01,0.80932078,3089.29,2.12976092,3089.0,0.09711532,3089.3,0.98264809,3088.98,0.09711713,3089.32,0.36353714,3088.97,0.22795841,3089.35,1.32206362,3088.85,1.34813794,3089.37,0.80922867,3088.84,0.02838288,3089.47,0.33019201,3088.79,0.16185922,3089.48,1.94206983,3088.78,3.23752018,3089.49,3.23678292,3088.76,0.39320709,3089.55,1.933,3088.75,0.39320709
2024-05-17 19:49:57,3089.17,0.04608812,3089.12,0.09711292,3089.26,0.09711357,3089.11,0.80929348,3089.29,0.58958888,3089.04,0.09711293,3089.3,0.98264809,3089.03,0.391,3089.38,0.62407122,3089.02,3.23726861,3089.39,0.36353714,3088.88,1.34280714,3089.4,0.16186032,3088.84,0.39192002,3089.51,0.80919211,3088.77,0.55506741,3089.54,1.1598,3088.76,0.39320709,3089.55,1.933,3088.75,0.39320709
2024-05-17 19:50:00,3089.17,0.0084109,3089.04,0.09711485,3089.18,0.03238419,3089.03,0.48811295,3089.24,0.09711485,3089.02,3.23726861,3089.25,0.09711347,3088.96,0.16185006,3089.26,0.58958886,3088.88,1.34280714,3089.27,0.36353714,3088.84,0.02838288,3089.3,0.98264809,3088.81,0.39320709,3089.37,0.23307338,3088.8,0.36353714,3089.38,1.27064901,3088.77,0.39320709,3089.49,0.5,3088.76,0.39320709
2024-05-17 19:50:03,3089.27,0.00105054,3089.04,1.0803046,3089.28,0.36353714,3089.03,0.48811295,3089.3,0.98264809,3089.02,3.23726861,3089.36,0.391,3088.88,1.5046614,3089.37,0.98051176,3088.84,0.02838288,3089.38,1.27064901,3088.8,0.36353714,3089.49,0.5,3088.79,0.39320709,3089.5,0.23307296,3088.78,0.39320709,3089.51,0.97104637,3088.77,0.39320709,3089.62,3.35843363,3088.76,0.39320709
2024-05-17 19:50:06,3089.29,0.63630951,3089.19,0.09711142,3089.3,0.9586235,3089.18,1.608478,3089.36,0.09711142,3089.07,0.09711142,3089.37,1.3440489,3089.06,0.391,3089.38,1.27064901,3089.05,3.4041648,3089.48,0.23306756,3089.04,1.0803046,3089.49,0.5,3088.88,1.34280714,3089.58,0.80917258,3088.84,0.42158997,3089.62,1.94198122,3088.83,0.39320709,3089.63,3.73663535,3088.82,0.32250689
2024-05-17 19:50:09,3089.11,0.03238542,3089.1,0.89550352,3089.32,0.17448572,3089.08,0.09711074,3089.33,1.10398569,3089.07,0.09711074,3089.36,0.19422172,3089.05,3.62823193,3089.37,0.75453714,3089.04,1.0803046,3089.38,1.27064901,3088.88,1.34280714,3089.48,1.98082015,3088.84,0.02838288,3089.49,0.5,3088.8,0.36353714,3089.52,1.56425358,3088.7,0.39502988,3089.56,0.25495,3088.69,0.39502988
2024-05-17 19:50:12,3089.13,0.0323849,3089.12,0.0971124,3089.3,0.09711237,3089.11,0.09711311,3089.31,0.11708922,3089.1,0.89550352,3089.32,0.16186683,3089.04,1.0803046,3089.33,1.18521305,3088.93,3.2373599,3089.37,0.86353714,3088.88,1.34280714,3089.38,1.27064901,3088.84,0.02838288,3089.47,0.23307098,3088.83,0.42323637,3089.48,1.7477502,3088.82,0.42323637,3089.52,1.56425358,3088.81,0.42323637
2024-05-17 19:50:15,3089.33,1.22497517,3089.11,0.1942241,3089.37,0.891,3089.1,1.7126376,3089.38,1.27064901,3089.05,0.391,3089.43,0.16185843,3089.04,1.0803046,3089.47,1.17162121,3088.93,3.2373599,3089.48,0.80919798,3088.88,1.34280714,3089.52,1.56425358,3088.85,0.42323637,3089.61,0.5,3088.84,0.45161925,3089.62,1.94198122,3088.83,0.42323637,3089.63,3.49172535,3088.82,0.42323637
2024-05-17 19:50:18,3089.32,0.10131892,3089.12,0.09711239,3089.33,0.8824345,3089.11,0.09711263,3089.37,0.09711263,3089.1,0.08620743,3089.38,1.27064901,3089.05,0.391,3089.43,0.80921255,3089.04,1.88961686,3089.46,0.23306866,3088.93,3.2373599,3089.47,1.10040843,3088.88,1.34280714,3089.52,1.56425358,3088.85,0.42323637,3089.61,0.5,3088.84,0.61347553,3089.62,1.94198122,3088.83,0.42323637
2024-05-17 19:50:21,3089.28,1.28763135,3089.11,0.19422674,3089.32,0.09711337,3089.1,0.08620743,3089.33,0.8824345,3089.04,1.88961686,3089.37,0.391,3088.93,3.2373599,3089.38,1.27064901,3088.88,1.34280714,3089.39,0.16186087,3088.85,0.42323637,3089.42,0.23306994,3088.84,0.45161925,3089.43,0.80921255,3088.83,0.42323637,3089.47,0.93855215,3088.82,0.42323637,3089.52,1.56425358,3088.81,0.42323637
2024-05-17 19:50:24,3089.29,0.45070205,3089.13,0.95616717,3089.3,0.19422632,3089.12,0.03298253,3089.33,0.8824345,3089.11,0.00620743,3089.37,0.23307411,3089.05,0.09711221,3089.38,1.27064901,3089.04,1.85955782,3089.43,0.80921255,3088.93,3.2373599,3089.47,0.93855215,3088.88,1.34280714,3089.48,0.16185601,3088.85,0.58509238,3089.52,1.56425358,3088.84,0.45161925,3089.55,0.5,3088.83,0.42323637
2024-05-17 19:50:27,3089.29,0.93,3089.14,0.09711181,3089.31,0.11412372,3089.13,0.85480404,3089.32,0.48811224,3089.04,0.00558967,3089.33,0.8824345,3088.9,0.25896409,3089.38,1.27064901,3088.89,0.21790371,3089.46,0.2330705,3088.88,1.90518579,3089.47,0.93855215,3088.84,0.02838288,3089.49,0.97105199,3088.78,0.42323637,3089.52,1.56425358,3088.77,0.42323637,3089.55,0.5,3088.76,0.42323637
2024-05-17 19:50:30,3089.27,0.64022485,3089.15,0.09711236,3089.28,0.19422438,3089.14,0.01814276,3089.33,0.8824345,3089.13,0.00747162,3089.37,0.391,3089.08,0.80929996,3089.38,1.27064901,3089.05,0.09711324,3089.43,0.5,3089.04,0.16269457,3089.46,0.2330705,3088.96,0.17,3089.47,0.93855215,3088.95,3.23733616,3089.49,0.97105199,3088.9,0.16185228,3089.52,1.56425358,3088.89,0.04790371
2024-05-17 19:50:33,3089.98,0.19523658,3089.74,0.09709181,3090.05,0.23302034,3089.73,0.80912973,3090.07,1.08181433,3089.72,0.09709209,3090.08,0.95105396,3089.71,0.86699745,3090.09,0.16182296,3089.59,0.6,3090.13,0.80902859,3089.57,0.42323637,3090.17,5.82720008,3089.56,1.77484112,3090.19,9.712,3089.55,3.29617494,3090.2,4.53583086,3089.47,0.42323637,3090.29,1.06098797,3089.46,1.37288559
2024-05-17 19:50:36,3090.47,0.72267925,3090.46,1.29748884,3090.76,0.09707277,3090.45,3.42990979,3090.9,1.16600006,3090.34,0.16177689,3090.91,0.79977896,3090.22,0.6,3090.92,0.83977898,3090.17,0.03098907,3090.93,0.40874776,3090.16,0.085,3091.05,5.82720004,3090.15,0.75080784,3091.07,9.712,3090.13,0.26119008,3091.14,0.8087635,3090.11,0.05502823,3091.18,0.25355,3090.04,0.77382269
2024-05-17 19:50:39,3091.23,0.10309198,3090.98,0.80880314,3091.29,0.09705172,3090.96,1.08811204,3091.3,0.16176021,3090.83,0.17,3091.38,0.3,3090.82,3.23538278,3091.44,0.6249625,3090.64,0.16176126,3091.45,0.23292268,3090.63,0.6,3091.46,0.80868141,3090.58,0.42323637,3091.55,0.391,3090.56,0.32461348,3091.56,1.94122723,3090.5,1.87933218,3091.57,1.47936222,3090.49,0.42323637
2024-05-17 19:50:42,3091.6,0.20484693,3091.4,0.0970401,3091.62,0.03959757,3091.39,3.2347874,3091.63,0.00499317,3091.32,0.09703997,3091.64,0.01212528,3091.3,1.4984607,3091.65,0.00143181,3091.18,1.28611873,3091.66,0.00630194,3091.17,0.16173385,3091.67,0.00272902,3091.1,0.10253698,3091.68,0.00175312,3091.05,1.51081631,3091.69,0.24340314,3091.04,1.11776735,3091.7,0.00726281,3091.03,0.42323637
2024-05-17 19:50:45,3091.69,0.20694551,3091.51,0.09703636,3091.7,0.00726281,3091.5,0.56237865,3091.71,0.00337198,3091.44,0.09703636,3091.74,0.16173705,3091.43,0.80868504,3091.77,0.978037,3091.4,0.17,3091.78,0.97839486,3091.39,3.2347874,3091.84,0.23288888,3091.3,0.6,3091.85,0.12948298,3091.18,1.28611873,3091.93,0.80855887,3091.11,0.16173731,3091.98,1.53953833,3091.1,0.10253698
2024-05-17 19:50:48,3091.68,0.01156583,3091.55,0.085,3091.7,0.46321281,3091.54,0.90472827,3091.71,0.00337198,3091.53,0.80865847,3091.88,0.16172965,3091.51,0.17,3091.95,0.23288778,3091.5,0.56237865,3091.99,0.80854138,3091.43,0.6,3092.04,0.391,3091.42,0.10253698,3092.05,1.94045643,3091.39,3.2347874,3092.06,3.23409405,3091.25,0.16172965,3092.13,1.3211313,3091.19,0.5
2024-05-17 19:50:51,3092.14,0.35562675,3091.93,0.09702363,3092.27,0.2266543,3091.92,0.10253698,3092.31,0.23285657,3091.9,0.90187701,3092.32,0.80845531,3091.74,0.16170358,3092.36,0.391,3091.71,0.6,3092.37,1.9402437,3091.58,0.17,3092.4,3.23373945,3091.57,0.32328213,3092.41,0.16170202,3091.54,1.38867103,3092.42,1.15800003,3091.53,0.42323637,3092.47,1.51593747,3091.51,0.5
2024-05-17 19:50:54,3092.18,0.82219413,3091.94,0.1940462,3092.19,0.09702286,3091.93,0.02853202,3092.2,0.60002373,3091.9,0.0770139,3092.22,0.0970231,3091.84,0.80857843,3092.24,0.38253244,3091.77,0.17,3092.25,0.51943224,3091.76,3.23440093,3092.26,0.32801682,3091.71,0.6,3092.27,0.45820408,3091.58,0.16171258,3092.28,0.80846496,3091.54,1.38867103,3092.32,1.55830032,3091.53,0.42323637
2024-05-17 19:50:57,3092.2,0.31939466,3091.95,1.54406696,3092.23,0.19404444,3091.94,0.09702222,3092.24,0.36724022,3091.93,0.02853202,3092.3,1.32598019,3091.91,0.09702221,3092.31,1.17964064,3091.9,0.0770139,3092.32,1.72000732,3091.77,0.17,3092.33,0.80845351,3091.76,3.23440093,3092.47,1.80141988,3091.73,0.16170465,3092.48,1.93,3091.71,0.6,3092.53,3.23360866,3091.54,1.38867103
2024-05-17 19:51:00,3092.16,0.1940432,3092.03,0.83253881,3092.17,0.01366731,3092.02,0.91935861,3092.18,0.76232845,3091.96,0.0970216,3092.2,0.63598,3091.95,0.80854992,3092.24,0.36724022,3091.93,0.02853202,3092.3,0.93498019,3091.9,0.0770139,3092.31,0.94678728,3091.87,3.23428225,3092.32,1.55830032,3091.77,0.16170302,3092.38,0.23285184,3091.71,0.6,3092.39,0.97013994,3091.54,1.38867103
2024-05-17 19:51:03,3092.16,0.21401514,3091.98,0.8325397,3092.18,0.75815993,3091.97,0.09702249,3092.2,0.63598,3091.94,0.80855206,3092.24,0.36724022,3091.93,0.074569,3092.26,0.391,3091.9,0.00831442,3092.27,0.16170952,3091.88,0.17,3092.28,0.23285297,3091.87,3.23428225,3092.3,0.93498019,3091.71,0.6,3092.31,0.94678728,3091.66,1.30731044,3092.32,1.55830032,3091.64,0.16170952
2024-05-17 19:51:06,3092.2,0.16845193,3092.05,0.80852477,3092.24,0.36724022,3091.93,0.19022645,3092.3,0.95907243,3091.9,0.00831442,3092.31,0.94678728,3091.88,0.17,3092.41,0.23284906,3091.87,1.31784628,3092.42,0.76885319,3091.86,3.23429123,3092.43,1.2814219,3091.79,0.32357306,3092.52,0.80840313,3091.71,0.6,3092.55,1.94014406,3091.66,1.30731044,3092.56,3.39526776,3091.57,1.35803109
2024-05-17 19:51:09,3092.17,0.19404176,3092.05,0.93346919,3092.2,0.08199037,3092.0,0.80853635,3092.24,0.36724022,3091.99,0.09702088,3092.28,0.23285003,3091.98,0.56237865,3092.29,0.89969682,3091.95,0.09702107,3092.3,0.391,3091.94,0.6,3092.31,1.1084946,3091.93,0.02853202,3092.41,0.80843322,3091.9,0.00831442,3092.42,0.76885322,3091.86,3.23429123,3092.43,1.2814219,3091.68,0.16170732
2024-05-17 19:51:12,3091.99,0.05472394,3091.98,0.56179702,3092.02,0.12319962,3091.97,0.94710493,3092.03,0.1617218,3091.93,0.02853202,3092.07,1.73250841,3091.9,0.00831442,3092.08,0.68896623,3091.85,0.19404916,3092.09,0.72561674,3091.84,0.80857989,3092.1,1.01662876,3091.73,3.23443222,3092.13,0.09702413,3091.66,1.30731044,3092.14,1.03079275,3091.49,0.42323637,3092.2,0.08199037,3091.47,0.42323637
2024-05-17 19:51:15,3091.99,0.0652369,3091.98,2.20692181,3092.02,0.11374057,3091.97,0.94710493,3092.18,1.86068286,3091.93,0.02853202,3092.2,0.08199037,3091.9,0.00831442,3092.23,1.51355173,3091.84,0.80857982,3092.24,1.17571584,3091.73,3.23443222,3092.29,0.23285653,3091.72,0.16170517,3092.3,1.39982019,3091.66,1.30731044,3092.31,0.94678728,3091.49,1.7721988,3092.35,0.16170517,3091.48,6.81125578
2024-05-17 19:51:18,3092.02,0.13371458,3091.99,0.09702256,3092.19,0.09702256,3091.98,0.54379702,3092.2,0.08199037,3091.97,0.94710493,3092.24,0.36724022,3091.93,0.02853202,3092.25,0.71968242,3091.9,0.00831442,3092.26,0.80847068,3091.84,0.80857982,3092.3,0.0970229,3091.74,0.6,3092.31,0.94678728,3091.73,3.23443222,3092.34,0.16170557,3091.66,1.30731044,3092.41,0.23285503,3091.58,0.3226099
2024-05-17 19:51:21,3092.2,0.05109332,3092.18,0.80849109,3092.24,0.36724022,3092.09,0.09701809,3092.34,0.0970184,3092.08,0.09701809,3092.35,0.62416918,3092.07,0.16168706,3092.36,0.98635825,3092.03,0.17,3092.47,0.09701809,3092.02,3.23412336,3092.48,0.23284488,3092.01,0.6,3092.49,0.77146688,3091.98,0.54379702,3092.5,1.28577803,3091.97,0.94710493,3092.62,0.80837808,3091.93,0.02853202
2024-05-17 19:51:24,3092.2,0.00851837,3092.19,2.6777217,3092.24,0.36724022,3092.18,0.09701785,3092.35,0.61122699,3092.03,0.16168892,3092.36,0.98635825,3092.01,0.6,3092.37,0.0323534,3092.0,3.23415163,3092.44,0.77146683,3091.98,0.54379702,3092.5,1.28577803,3091.97,0.94710493,3092.56,0.23284284,3091.93,0.02853202,3092.68,3.23344355,3091.9,0.00831442,3092.7,0.5,3091.67,0.78438629
2024-05-17 19:51:27,3092.2,0.44555383,3092.19,2.74734181,3092.24,0.36724022,3092.18,0.80848992,3092.36,0.09701809,3092.11,0.09701846,3092.37,0.0323534,3092.1,0.09701791,3092.46,0.09701791,3092.09,0.16168588,3092.47,1.00606683,3092.01,0.6,3092.5,1.28577803,3092.0,3.23415163,3092.57,0.8083914,3091.98,0.54379702,3092.58,0.23284298,3091.97,0.94710493,3092.67,1.94006615,3091.93,0.02853202
2024-05-17 19:51:30,3092.2,0.37003567,3092.19,1.64516171,3092.23,0.09701846,3092.05,0.17,3092.24,0.36724022,3092.04,0.80852541,3092.35,0.75116669,3092.02,0.09701846,3092.36,0.09701846,3092.01,0.69701846,3092.37,0.0323534,3092.0,3.23415163,3092.38,1.35186928,3091.98,0.54379702,3092.39,0.16170322,3091.97,0.94710493,3092.45,0.23284431,3091.93,0.00328623,3092.47,0.80841554,3091.9,0.00831442
2024-05-17 19:51:33,3092.14,0.0210123,3091.99,1.6839397,3092.19,0.60219039,3091.98,0.6408194,3092.2,0.28066936,3091.97,0.94710493,3092.24,0.36724022,3091.95,0.6,3092.27,0.94595882,3091.93,0.00328623,3092.3,0.62385372,3091.92,0.80855853,3092.31,0.80845832,3091.9,0.00831442,3092.36,0.97537502,3091.88,3.2342689,3092.37,1.62562497,3091.66,3.23431044,3092.38,0.96086928,3091.61,6.46845174
2024-05-17 19:51:36,3092.2,0.30587944,3092.06,0.80852116,3092.23,0.09702078,3092.05,0.83253799,3092.24,0.36724022,3092.04,0.69702078,3092.36,0.09702063,3092.03,0.00997477,3092.37,0.57652157,3092.02,0.16168354,3092.38,1.35186928,3091.99,0.17,3092.44,0.8084252,3091.98,0.54379702,3092.48,0.23285079,3091.97,0.94710493,3092.5,0.76986216,3091.93,0.00328623,3092.51,1.28310355,3091.91,1.35646719
2024-05-17 19:51:39,3092.85,1.00104932,3092.77,0.80833686,3093.13,0.16167557,3092.76,0.6,3093.15,1.1628661,3092.67,3.23344323,3093.16,0.80823748,3092.56,0.16166178,3093.19,0.16166178,3092.46,0.32273067,3093.28,0.25325,3092.45,1.30239651,3093.35,1.93963897,3092.44,0.42323637,3093.36,3.23273148,3092.43,0.42323637,3093.4,1.60893032,3092.42,0.42323637,3093.42,0.00048506,3092.41,0.42323637
2024-05-17 19:51:42,3092.85,1.29189103,3092.82,0.91145986,3093.14,0.09699834,3092.81,0.09699838,3093.15,0.09699838,3092.8,0.80832806,3093.16,2.00020444,3092.68,0.09699838,3093.17,0.16166243,3092.67,3.23344323,3093.18,3.04829594,3092.54,0.16166243,3093.27,0.23279612,3092.45,1.30239651,3093.28,0.25325,3092.44,0.42323637,3093.34,1.11617288,3092.43,0.42323637,3093.35,1.93963897,3092.42,0.42323637
2024-05-17 19:51:45,3092.85,0.78204819,3092.84,0.6,3092.86,0.14112181,3092.83,1.18506494,3093.15,0.391,3092.82,1.32402873,3093.16,1.28296521,3092.8,0.80832806,3093.18,2.24006497,3092.67,3.23344323,3093.24,0.80821618,3092.65,0.16165697,3093.27,0.23279612,3092.45,1.30239651,3093.28,0.16165697,3092.44,1.927,3093.35,1.93963897,3092.43,0.42323637,3093.36,3.48700148,3092.42,1.95765375
2024-05-17 19:51:48,3093.14,0.09699314,3092.86,0.19398628,3093.15,0.01995412,3092.85,0.59573864,3093.16,1.29366433,3092.84,0.88437984,3093.18,2.24006497,3092.83,0.30428577,3093.35,2.74413873,3092.82,2.28692702,3093.36,4.72338585,3092.74,0.23278371,3093.37,0.92646199,3092.73,0.80834663,3093.42,0.00048506,3092.67,3.23344323,3093.5,0.5,3092.5,0.42323637,3093.51,1.94737585,3092.49,0.16166618
2024-05-17 19:51:51,3092.87,0.08758812,3092.86,0.49805182,3093.12,0.54914249,3092.85,0.69273342,3093.13,0.90523741,3092.84,0.09699478,3093.14,0.01,3092.83,0.30428577,3093.15,0.391,3092.82,2.28692702,3093.16,1.45532926,3092.74,0.23278701,3093.18,2.24006497,3092.73,0.80834663,3093.33,0.25434,3092.67,3.23344323,3093.35,2.74413873,3092.53,0.16166493,3093.36,4.72338585,3092.45,1.30239651
2024-05-17 19:51:54,3092.87,0.07218896,3092.86,0.49805182,3093.07,0.09699535,3092.85,0.78972934,3093.08,1.15360723,3092.83,0.30428577,3093.09,0.45836188,3092.82,2.28692702,3093.11,0.64607288,3092.74,0.23278883,3093.13,0.80824389,3092.73,0.80834663,3093.14,0.01,3092.67,3.23344323,3093.16,1.45532926,3092.53,0.16166493,3093.18,2.24006497,3092.45,1.30239651,3093.33,0.25434,3092.44,1.927
2024-05-17 19:51:57,3092.89,0.11621078,3092.87,0.99943019,3093.12,0.49094639,3092.84,0.09699598,3093.13,0.80824389,3092.83,0.13428577,3093.14,0.01,3092.82,2.28692702,3093.16,1.45532926,3092.77,0.80833425,3093.17,0.09699466,3092.74,0.23279036,3093.18,2.24006497,3092.67,3.23344323,3093.27,0.25296,3092.53,0.16166493,3093.35,2.74413873,3092.48,0.42323637,3093.36,4.72338585,3092.47,0.42323637
2024-05-17 19:52:00,3093.14,0.01945353,3093.13,0.80824278,3093.54,0.69877605,3093.12,0.19396616,3093.56,0.0969862,3093.07,0.83275896,3093.6,0.80812246,3093.06,3.23304324,3093.65,0.16163947,3093.03,0.09292117,3093.66,6.95027477,3093.02,0.26287653,3093.67,14.94016633,3093.01,1.15854008,3093.7,3.23237866,3093.0,1.36667152,3093.73,0.32461906,3092.88,7.20265123,3093.78,0.52923963,3092.83,0.13428577
2024-05-17 19:52:03,3093.47,0.03248228,3093.34,0.23274541,3093.71,0.0969773,3093.33,0.1939546,3093.72,0.49115121,3093.32,0.73551721,3093.73,0.80808801,3093.31,0.80819525,3093.75,0.391,3093.14,0.16163332,3093.76,1.34982495,3093.12,0.17,3093.77,2.41134151,3093.11,3.23298883,3093.82,3.23225662,3093.04,6.46575413,3093.83,0.25213,3093.03,0.09292117,3093.86,1.05647462,3093.02,3.2765182
2024-05-17 19:52:06,3093.14,0.60654761,3093.05,0.83250771,3093.15,0.43998716,3093.04,0.09699055,3093.16,0.31626044,3093.03,0.6,3093.17,0.36958356,3093.02,0.73551721,3093.18,0.08901226,3093.01,0.54379702,3093.2,0.15924871,3092.97,3.23313586,3093.21,0.47004996,3092.94,1.927,3093.22,0.28018336,3092.84,0.23277768,3093.23,0.2217911,3092.83,0.13428577,3093.35,0.09699055,3092.82,2.28692702
2024-05-17 19:52:09,3093.2,0.08154308,3093.15,1.51639105,3093.29,0.39929936,3093.14,0.1939703,3093.3,0.23211762,3093.1,0.6,3093.31,0.78914244,3093.03,0.80826683,3093.32,0.85770036,3093.02,0.23276556,3093.33,0.21938872,3093.01,0.54379702,3093.34,0.4040884,3092.97,3.23313586,3093.39,0.16165284,3092.93,1.927,3093.42,0.54308756,3092.86,3.87945252,3093.45,0.80816075,3092.85,6.46575413
2024-05-17 19:52:12,3093.63,0.66048,3093.41,0.19394978,3093.64,0.03233933,3093.4,1.21655369,3093.66,0.16164285,3093.39,1.29582564,3093.68,0.01048614,3093.34,0.6,3093.7,0.03419909,3093.29,0.23274036,3093.72,0.09697637,3093.28,0.80820194,3093.73,0.06845027,3093.22,0.73551721,3093.81,0.64844833,3093.16,0.5,3093.82,0.80806503,3093.15,3.23294099,3093.95,1.46918082,3093.11,1.927
2024-05-17 19:52:15,3093.4,0.09698365,3093.21,0.09698365,3093.41,0.02134665,3093.2,0.8082226,3093.43,0.01465049,3093.07,3.23303008,3093.44,0.23675629,3092.94,1.39843644,3093.46,0.05884109,3092.92,0.32367622,3093.49,0.34,3092.87,0.01040958,3093.5,0.16164717,3092.86,0.16164794,3093.53,1.07500836,3092.83,0.23276038,3093.54,0.80945,3092.82,0.96289829,3093.56,0.98223045,3092.76,1.28565885
2024-05-17 19:52:18,3093.54,1.05749383,3093.32,0.09697984,3093.59,0.09697988,3093.31,0.09925046,3093.6,0.39883,3093.3,0.91004748,3093.64,0.07915702,3093.28,0.04978239,3093.68,0.00303267,3093.27,1.38969555,3093.7,0.48485528,3093.26,0.80820731,3093.71,0.80809206,3093.18,0.23274984,3093.79,0.30730927,3093.17,0.16163177,3093.81,0.16360924,3093.08,1.48912092,3093.84,1.93932548,3093.07,3.23303008
2024-05-17 19:52:21,3093.56,0.638978,3093.39,0.1981523,3093.6,0.39883,3093.38,0.26357554,3093.68,0.00303267,3093.37,1.32413837,3093.69,0.09697838,3093.36,0.09697924,3093.7,0.09697896,3093.35,0.26697597,3093.71,0.06926887,3093.31,0.00227058,3093.81,0.55460924,3093.28,0.04978239,3093.82,3.11943409,3093.27,1.38969555,3093.85,4.96968549,3093.23,0.16162868,3093.98,0.65683849,3093.2,1.76921045
2024-05-17 19:52:24,3093.57,0.12114833,3093.4,0.09697836,3093.6,0.39883,3093.39,0.09697961,3093.68,0.00303267,3093.38,0.02705297,3093.7,0.09697961,3093.34,0.80818719,3093.71,0.06061893,3093.27,0.99245082,3093.74,0.48484932,3093.2,0.17,3093.75,0.80808208,3093.19,3.23290278,3093.8,0.39438278,3093.17,0.16163172,3093.81,0.55460924,3093.03,1.4641093,3093.82,3.11943409,3093.02,0.5
2024-05-17 19:52:27,3094.27,0.62111,3094.06,1.43248435,3094.29,1.22314861,3094.05,0.80800036,3094.31,0.03233526,3093.92,3.3937369,3094.44,0.3,3093.83,0.7459371,3094.45,0.23269888,3093.82,0.43530472,3094.47,2.59780733,3093.81,0.32366172,3094.48,4.0,3093.8,1.09875447,3094.5,0.8078851,3093.77,1.41631121,3094.55,0.16159238,3093.76,0.34659193,3094.61,0.25083,3093.75,0.32080166
2024-05-17 19:52:30,3094.25,0.20231047,3094.06,0.19391244,3094.31,0.03233526,3094.05,0.80800036,3094.42,0.23269606,3093.93,0.17,3094.43,0.1615987,3093.92,3.23214438,3094.45,0.8079006,3093.83,0.7459371,3094.46,0.391,3093.82,0.43530472,3094.47,2.59780733,3093.81,0.32366172,3094.48,4.0,3093.8,1.26035317,3094.61,0.25083,3093.77,1.41631121,3094.62,3.23142117,3093.76,0.34659193
2024-05-17 19:52:33,3094.48,4.01286288,3094.44,0.80790062,3094.49,0.03233137,3094.37,0.19389501,3094.62,0.09694755,3094.36,0.16156958,3094.63,0.09694765,3094.09,0.8365341,3094.64,0.01080136,3094.08,0.32627948,3094.65,0.23993045,3094.07,0.68766147,3094.66,0.00563063,3094.04,1.40520001,3094.67,0.01080305,3094.03,1.43171913,3094.68,0.00822029,3094.01,2.342,3094.69,0.04636027,3094.0,0.32321081
2024-05-17 19:52:36,3094.66,0.00475147,3094.48,0.09694336,3094.67,0.01080305,3094.47,0.09694407,3094.68,0.00822029,3094.37,1.26583758,3094.69,0.04636027,3094.31,0.16157183,3094.7,0.00337057,3094.23,0.17,3094.71,0.00401485,3094.22,0.80795691,3094.72,0.1064558,3094.09,2.46423258,3094.73,0.00692583,3094.08,3.55825407,3094.79,0.09694336,3094.07,0.68766147,3094.8,0.085,3094.03,1.43171913
2024-05-17 19:52:39,3094.66,0.01104793,3094.49,1.50611112,3094.67,0.01080305,3094.48,0.40692973,3094.68,0.00822029,3094.47,0.45052892,3094.69,0.85419629,3094.46,0.51731733,3094.7,0.00337057,3094.45,0.54757242,3094.71,0.00401485,3094.44,0.55915187,3094.72,0.0095135,3094.31,1.50288574,3094.73,0.00692583,3094.3,0.80793629,3094.88,0.78524411,3094.28,0.16157357,3094.89,2.49190877,3094.25,0.54331035
2024-05-17 19:52:42,3094.66,0.01734439,3094.51,0.19388598,3094.67,0.01080305,3094.5,1.247662,3094.68,0.00822029,3094.49,1.25824274,3094.69,0.04636027,3094.31,1.50288574,3094.7,0.00337057,3094.29,0.80793801,3094.71,0.81184714,3094.26,0.16157445,3094.72,0.0095135,3094.25,0.54331035,3094.73,0.00692583,3094.22,0.73551721,3094.76,0.09694293,3094.1,1.93919267,3094.77,0.09694307,3094.09,0.5
2024-05-17 19:52:45,3094.68,0.16753951,3094.67,0.95761594,3094.81,0.80780663,3094.66,0.1938796,3094.85,0.0840121,3094.51,1.29556381,3094.99,1.01863215,3094.48,0.00641141,3095.0,1.04605358,3094.4,0.80790921,3095.04,0.0969398,3094.23,0.16157625,3095.05,0.25097,3094.14,0.53151148,3095.08,0.11300751,3094.08,0.76182556,3095.2,0.23265536,3094.07,0.42323637,3095.21,0.86647183,3094.06,0.42323637
2024-05-17 19:52:48,3094.8,0.00734694,3094.57,0.19571539,3094.82,0.80780228,3094.56,0.25515542,3094.92,0.2326565,3094.55,0.4886333,3094.93,0.09694021,3094.54,0.60081131,3094.94,0.391,3094.53,1.40693895,3094.95,2.1732236,3094.52,1.05277497,3094.97,0.09694107,3094.51,1.29556381,3094.98,3.23103927,3094.48,0.00641141,3095.02,0.16156793,3094.4,0.80790966,3095.07,1.0812609,3094.39,0.5
2024-05-17 19:52:51,3094.79,0.11163669,3094.55,0.09694121,3094.82,0.80780228,3094.54,0.09694077,3094.92,0.16157277,3094.52,1.12583356,3094.93,0.232658,3094.51,1.29556381,3094.94,0.391,3094.48,0.00641141,3094.95,2.1732236,3094.4,0.80790966,3094.98,3.23103927,3094.33,0.5,3095.07,1.0812609,3094.32,0.6,3095.08,0.11300751,3094.31,3.09507341,3095.15,0.25055,3094.3,1.42667423
2024-05-17 19:52:54,3094.79,0.09693849,3094.63,0.09693849,3094.8,0.03232711,3094.62,1.41141599,3094.87,0.23265237,3094.54,0.17,3094.88,0.59762608,3094.53,1.35083842,3094.89,0.80778531,3094.52,0.95583356,3094.91,0.16157371,3094.51,1.29556381,3094.95,0.391,3094.48,0.00641141,3094.96,1.39784489,3094.46,0.80789328,3094.98,3.23103927,3094.37,0.5,3095.02,0.5,3094.32,0.6
2024-05-17 19:52:57,3094.77,0.14380497,3094.65,0.19387888,3094.86,0.80779118,3094.64,1.30733993,3094.9,0.09693944,3094.63,0.01123236,3094.95,0.391,3094.54,0.17,3094.96,2.06389302,3094.53,1.45283846,3094.98,3.23103927,3094.52,0.95583356,3095.01,0.1615682,3094.51,1.29556381,3095.02,0.5,3094.5,0.03213766,3095.07,0.0969389,3094.48,0.00641141,3095.08,0.11300751,3094.46,0.80789328
2024-05-17 19:53:00,3094.84,0.80779834,3094.63,0.01123236,3094.85,0.12764468,3094.56,1.65222246,3094.94,0.23265471,3094.53,0.17,3094.95,0.16157131,3094.52,0.95583356,3094.96,0.391,3094.51,1.29556381,3094.97,1.93862357,3094.5,0.03213766,3094.98,3.23103927,3094.48,0.00641141,3095.02,0.5,3094.45,0.8078963,3095.08,0.11300751,3094.38,2.23900012,3095.16,1.40389726,3094.37,3.73166673
2024-05-17 19:53:03,3094.75,0.84482611,3094.65,0.09694021,3094.79,0.0969413,3094.64,0.09694031,3094.8,0.05345201,3094.63,1.32997,3094.84,0.09694012,3094.57,0.17,3094.85,0.16157666,3094.56,1.65222246,3094.94,0.23265623,3094.52,0.95583356,3094.96,0.391,3094.51,1.29556381,3094.97,1.93862357,3094.5,0.03213766,3094.98,3.23103927,3094.48,0.00641141,3095.02,0.5,3094.39,0.80791138
2024-05-17 19:53:06,3094.76,0.02797676,3094.65,0.09693979,3094.77,0.7581694,3094.64,1.41599444,3094.8,0.03582682,3094.63,0.01082259,3094.81,0.16157865,3094.54,0.17,3094.89,0.09693982,3094.53,1.37012111,3094.9,0.23265918,3094.52,0.95583356,3094.96,0.391,3094.51,1.29556381,3094.97,1.93862357,3094.5,0.03213766,3094.98,3.23103927,3094.48,0.00641141,3095.02,0.5,3094.41,0.5
2024-05-17 19:53:09,3094.07,0.14657607,3094.06,1.61721368,3094.35,0.193915,3094.05,1.59941772,3094.36,0.2326977,3094.01,2.342,3094.41,0.78417933,3093.97,0.80802122,3094.42,0.391,3093.91,0.5,3094.43,0.91596551,3093.9,3.232165,3094.44,0.16159787,3093.82,0.16159787,3094.51,0.38476623,3093.73,1.38039954,3094.52,1.88811153,3093.7,1.53595225,3094.55,3.23149266,3093.67,2.30066582
2024-05-17 19:53:12,3094.25,0.23134653,3094.06,1.23250171,3094.28,0.80794344,3094.02,0.36391502,3094.36,0.2326977,3094.01,2.342,3094.41,0.391,3093.94,0.16159153,3094.42,2.0038053,3093.92,0.5,3094.43,3.23161324,3093.91,0.80803761,3094.48,0.09594977,3093.79,1.42823146,3094.51,0.13421623,3093.78,2.03633694,3094.52,0.03047858,3093.77,3.23229335,3094.57,0.16159153,3093.73,1.38039954
2024-05-17 19:53:15,3094.32,0.66693547,3094.07,0.00305099,3094.33,0.09695581,3094.05,0.09695581,3094.34,0.0969559,3094.04,0.0969559,3094.36,0.80792409,3094.03,1.78513594,3094.49,0.37421676,3094.02,0.17,3094.5,0.62369458,3094.01,2.342,3094.51,0.13421623,3093.98,0.5,3094.52,0.03047858,3093.97,0.80802195,3094.54,2.51413934,3093.8,1.31925257,3094.55,3.23149504,3093.79,1.42823146
2024-05-17 19:53:18,3094.43,0.00104879,3094.08,0.19390774,3094.44,0.6629346,3094.05,1.98695386,3094.45,0.80790052,3094.04,0.80800323,3094.48,0.06429989,3094.03,0.16158645,3094.5,0.23269053,3094.01,2.342,3094.51,0.13421623,3093.97,0.5,3094.52,0.03047858,3093.91,1.54637921,3094.53,0.391,3093.89,1.93930938,3094.54,2.51413934,3093.88,3.2321822,3094.55,3.23149504,3093.8,1.91925257
2024-05-17 19:53:21,3094.41,0.20020637,3094.12,0.1939076,3094.42,0.51429194,3094.1,4.201e-05,3094.43,0.80790333,3094.08,0.83765702,3094.48,0.04309986,3094.07,0.80799489,3094.5,0.23268876,3094.06,0.58810003,3094.51,0.13421623,3094.05,1.40520002,3094.52,0.03047858,3094.03,0.16158689,3094.53,0.391,3094.01,2.342,3094.54,2.51413934,3093.97,0.5,3094.55,3.23149504,3093.91,1.54637921
2024-05-17 19:53:24,3094.75,0.03232955,3094.68,0.58062998,3094.93,0.32358909,3094.67,0.6527822,3095.23,0.65976854,3094.66,0.33589932,3095.24,1.09961422,3094.65,0.43909785,3095.44,0.98621451,3094.64,0.19431658,3095.54,0.75451082,3094.63,0.8642225,3095.55,1.2575179,3094.62,0.22378402,3095.56,0.77842408,3094.6,0.73551721,3095.57,1.29737344,3094.58,0.05243602,3095.61,0.00048472,3094.57,0.06202928
2024-05-17 19:53:27,3094.71,0.07478574,3094.59,0.19387848,3094.9,0.19387848,3094.58,2.23179568,3094.91,0.48645887,3094.52,0.23265508,3094.95,0.80776841,3094.51,0.391,3095.05,0.16156701,3094.5,2.99586576,3095.07,0.391,3094.46,0.1615652,3095.08,1.93855498,3094.4,3.23163691,3095.09,3.48126487,3094.32,0.5,3095.2,1.2575179,3094.31,2.12998701,3095.24,1.09961422,3094.24,1.26403915
2024-05-17 19:53:30,3094.71,0.07003036,3094.6,0.19387794,3094.9,0.19387794,3094.58,0.80786186,3094.91,0.48645887,3094.52,0.23265393,3094.95,0.80776841,3094.51,0.391,3095.07,0.391,3094.5,2.99586576,3095.08,1.93855498,3094.46,0.16156521,3095.09,3.39249008,3094.4,3.23163691,3095.11,0.25034,3094.32,0.5,3095.2,1.2575179,3094.31,2.12998701,3095.24,1.09961422,3094.24,1.26403915
2024-05-17 19:53:33,3094.91,0.04115175,3094.74,0.80782021,3095.12,0.1970165,3094.73,0.19386664,3095.13,0.80772087,3094.68,0.16155232,3095.2,1.93848224,3094.63,0.23263772,3095.21,3.23080366,3094.62,2.79560622,3095.31,0.24994,3094.59,0.391,3095.35,0.12934098,3094.52,3.23151726,3095.37,0.16155077,3094.5,2.99586576,3095.43,1.09684084,3094.39,1.03665538,3095.44,0.98621451,3094.38,0.43193974
2024-05-17 19:53:36,3094.91,0.03850233,3094.79,0.09693245,3095.12,0.20331041,3094.78,0.09693251,3095.13,0.6053575,3094.77,0.80781384,3095.14,0.8077181,3094.66,0.23263877,3095.28,0.16155526,3094.65,0.391,3095.29,0.391,3094.64,3.23138659,3095.3,0.24994,3094.62,2.79560622,3095.32,1.93840809,3094.61,0.1615574,3095.33,3.23068008,3094.53,0.6,3095.35,0.12934098,3094.5,2.99586576
2024-05-17 19:53:39,3094.84,0.03232517,3094.78,0.19386482,3095.13,0.20961197,3094.77,0.80781447,3095.14,0.84278905,3094.63,0.62363779,3095.15,0.80771668,3094.62,3.23140643,3095.18,0.5,3094.59,0.16155858,3095.24,0.16155757,3094.51,2.79378887,3095.29,0.24959,3094.5,2.26034855,3095.3,0.391,3094.45,0.66000008,3095.31,1.93841254,3094.42,0.5,3095.32,3.23068756,3094.41,0.6
2024-05-17 19:53:42,3095.29,0.11896819,3095.08,1.5333655,3095.34,0.09692576,3095.07,0.48792537,3095.39,0.09553024,3095.06,0.80773621,3095.4,0.5,3094.98,0.23262125,3095.43,0.87558503,3094.88,3.23113403,3095.44,0.8076416,3094.87,0.16154352,3095.5,0.16154353,3094.83,1.5551542,3095.55,1.93825997,3094.8,1.28432298,3095.56,3.23043327,3094.75,1.33680002,3095.61,1.29128148,3094.74,2.228
2024-05-17 19:53:45,3095.39,0.00210112,3095.07,0.391,3095.4,0.5,3095.06,2.23803488,3095.45,1.37551789,3094.98,0.16153776,3095.46,0.95227324,3094.89,1.48318409,3095.5,0.80762399,3094.88,3.23113403,3095.55,1.93825997,3094.8,1.28432298,3095.56,3.23043327,3094.75,1.94719161,3095.61,0.16153776,3094.74,2.228,3095.62,1.27641837,3094.71,0.43193974,3095.68,0.97280643,3094.7,0.43193974
2024-05-17 19:53:48,3095.4,0.20119511,3095.11,0.09692291,3095.44,1.21911786,3095.1,0.0969227,3095.45,0.391,3095.06,0.80773621,3095.46,0.95227324,3095.03,0.36296352,3095.5,0.80762399,3094.99,0.23261419,3095.53,0.36296352,3094.98,0.16153776,3095.55,1.93825997,3094.92,1.45002338,3095.56,3.23043327,3094.91,0.391,3095.61,0.16153776,3094.9,2.82859091,3095.62,1.27641837,3094.88,3.23113403
2024-05-17 19:53:51,3095.23,0.11057262,3094.95,0.09692782,3095.25,0.09692765,3094.94,1.50726371,3095.26,0.16155741,3094.91,0.36296352,3095.28,0.48460773,3094.86,0.80778964,3095.29,0.80767954,3094.82,0.23262615,3095.34,0.08006094,3094.76,3.62226703,3095.39,0.391,3094.75,2.63261929,3095.4,1.86691209,3094.74,2.228,3095.41,0.36296352,3094.72,0.6,3095.45,3.23055425,3094.71,0.93193974
2024-05-17 19:53:54,3095.11,0.63453769,3094.91,0.05747125,3095.13,0.1938595,3094.86,0.09693099,3095.16,0.8077131,3094.85,0.36296352,3095.29,0.391,3094.77,0.09692975,3095.31,1.93841179,3094.76,0.80781544,3095.32,3.23068624,3094.75,0.62363356,3095.33,0.16155222,3094.74,2.228,3095.34,0.08006094,3094.7,0.16155222,3095.35,0.36296352,3094.68,0.6,3095.4,0.57136401,3094.67,0.5
2024-05-17 19:53:57,3095.12,0.58155694,3094.91,0.05747125,3095.14,0.02568099,3094.87,0.09693079,3095.17,0.80771034,3094.86,0.09693068,3095.23,0.09693079,3094.85,0.36296352,3095.24,0.16155729,3094.76,0.80781544,3095.3,0.391,3094.75,0.23263356,3095.31,2.43841179,3094.69,0.391,3095.32,3.23068624,3094.68,0.76155375,3095.34,0.08006094,3094.67,0.5,3095.35,0.36296352,3094.64,3.23138721
2024-05-17 19:54:00,3095.11,0.03093242,3094.91,1.48582144,3095.12,0.48462626,3094.86,0.81749263,3095.17,0.80771034,3094.85,0.36296352,3095.3,0.391,3094.81,0.8078037,3095.31,2.59996552,3094.68,0.76155375,3095.32,3.23068624,3094.67,0.5,3095.34,0.08006094,3094.64,3.23138721,3095.35,0.36296352,3094.55,0.43193974,3095.4,0.57136401,3094.54,3.28485938,3095.46,1.20091324,3094.53,0.43193974
2024-05-17 19:54:03,3095.16,0.44458381,3094.92,0.09692944,3095.17,0.48461856,3094.91,0.05353982,3095.21,0.19385878,3094.87,0.23263054,3095.22,0.80769746,3094.86,0.09692939,3095.3,0.391,3094.85,0.36296352,3095.31,2.59996552,3094.81,0.8078037,3095.32,3.23068624,3094.69,0.391,3095.34,0.08006094,3094.68,0.76155375,3095.35,0.36296352,3094.67,0.5,3095.4,0.57136401,3094.64,3.23138721
2024-05-17 19:54:06,3095.11,0.00011817,3094.91,1.4525063,3095.16,0.23579203,3094.87,0.09693013,3095.17,0.48461856,3094.86,0.80779095,3095.22,0.80769746,3094.83,0.36296352,3095.3,0.391,3094.74,0.2326322,3095.31,1.93841179,3094.73,0.16155112,3095.32,3.23068624,3094.7,0.391,3095.33,0.36296352,3094.69,1.54917685,3095.34,0.08006094,3094.68,0.6,3095.38,0.16155007,3094.67,0.5
2024-05-17 19:54:09,3095.19,1.00240078,3095.02,0.29248154,3095.2,0.80770436,3095.01,0.14150456,3095.24,0.36296352,3095.0,0.66604282,3095.25,0.5,3094.99,0.77693014,3095.29,1.93841177,3094.98,0.58911128,3095.32,3.23068624,3094.97,0.7272477,3095.34,0.08006094,3094.96,0.4301913,3095.4,0.57136401,3094.8,0.8078055,3095.45,0.09692948,3094.73,0.36296352,3095.46,0.95227324,3094.7,1.54929191
2024-05-17 19:54:12,3095.18,0.65041194,3095.04,0.00043122,3095.19,0.8815498,3095.02,0.02773805,3095.2,0.80770436,3094.95,0.19385418,3095.22,0.161558,3094.93,0.47918699,3095.24,0.09692709,3094.92,0.57252328,3095.25,0.5,3094.91,0.68381862,3095.29,1.93841177,3094.83,0.23262576,3095.32,3.59364976,3094.82,0.36296352,3095.34,0.08006094,3094.8,0.8078055,3095.4,0.57136401,3094.71,0.5
2024-05-17 19:54:15,3095.11,0.67412745,3094.96,0.26758101,3095.12,0.71437141,3094.95,0.59684053,3095.13,0.09692944,3094.94,0.28015369,3095.14,0.80771868,3094.93,0.30582848,3095.22,0.16155836,3094.92,0.32785469,3095.25,0.5,3094.91,0.75705612,3095.28,0.36296352,3094.84,0.09692944,3095.29,1.93841177,3094.83,0.23263441,3095.32,3.23068624,3094.76,0.36296352,3095.34,0.08006094,3094.74,0.80782027
2024-05-17 19:54:18,3095.11,0.16511469,3094.99,0.24154646,3095.12,0.78844876,3094.98,0.59681915,3095.18,0.09693031,3094.97,0.60030939,3095.19,0.16156153,3094.96,0.19526528,3095.2,2.24747693,3094.95,0.53544264,3095.25,3.23075889,3094.94,0.25669939,3095.32,0.36296352,3094.93,0.21815668,3095.34,0.08006094,3094.92,0.19386036,3095.4,0.57136401,3094.9,0.01010575,3095.46,0.95227324,3094.88,0.23263253
2024-05-17 19:54:21,3095.11,0.16887798,3094.93,0.13077119,3095.12,0.78844876,3094.92,0.46080751,3095.18,0.09692991,3094.91,0.36787792,3095.19,0.391,3094.9,1.2958118,3095.2,2.24747693,3094.86,0.60541052,3095.25,3.23075889,3094.85,0.41438815,3095.26,0.16155698,3094.84,0.45177982,3095.32,0.36296352,3094.79,0.36296352,3095.34,0.08006094,3094.74,0.80782027,3095.4,0.57136401,3094.72,0.2326349
2024-05-17 19:54:24,3095.29,0.62111,3095.0,0.59755898,3095.3,0.39414967,3094.99,0.28585168,3095.31,2.58855145,3094.98,0.2189382,3095.34,0.08006094,3094.97,0.6236969,3095.37,3.23063794,3094.96,0.58841169,3095.4,0.57136401,3094.95,0.45746112,3095.44,0.36296352,3094.92,0.80777519,3095.46,0.95227324,3094.9,0.01010575,3095.57,0.16154105,3094.79,0.36296352,3095.6,0.24876,3094.76,3.01625838
2024-05-17 19:54:27,3095.17,0.4766121,3095.03,1.46260983,3095.21,0.80770063,3095.02,0.22086838,3095.29,0.0969274,3095.01,0.46017665,3095.3,0.55255501,3095.0,0.25837572,3095.31,1.78087625,3094.99,0.39822254,3095.34,0.08006094,3094.98,0.28267134,3095.36,0.36296352,3094.97,0.31767158,3095.37,3.23063794,3094.96,0.48629547,3095.4,0.57136401,3094.95,0.30554052,3095.46,0.95227324,3094.9,0.01010575
2024-05-17 19:54:30,3095.17,0.48290962,3095.04,0.10750672,3095.21,0.80770063,3095.03,0.46397931,3095.28,0.09692735,3095.02,1.33020555,3095.29,0.09692771,3095.01,0.4794842,3095.31,1.78087625,3095.0,0.46617047,3095.34,0.24161411,3094.99,0.65883153,3095.36,0.36296352,3094.98,0.14550805,3095.37,3.73063794,3094.97,0.09692771,3095.4,0.57136401,3094.9,0.01010575,3095.46,0.95227324,3094.87,0.23262937
2024-05-17 19:54:33,3095.17,0.48290962,3095.04,1.32947682,3095.21,0.80770063,3095.03,0.46397931,3095.29,0.19385448,3095.01,0.57641144,3095.3,0.391,3095.0,0.36924276,3095.31,1.78087625,3094.99,0.65883153,3095.34,0.08006094,3094.98,0.14550805,3095.35,0.16155225,3094.91,0.09692724,3095.36,0.36296352,3094.9,0.01010575,3095.37,3.73063794,3094.87,0.23262937,3095.4,0.57136401,3094.8,1.17076878
2024-05-17 19:54:36,3095.17,0.49760593,3095.0,0.11224451,3095.2,0.09692866,3094.99,0.26261646,3095.21,0.80770063,3094.98,0.6417979,3095.3,0.391,3094.97,0.25903852,3095.31,1.78087625,3094.96,0.1489926,3095.34,0.08006094,3094.95,0.40569772,3095.36,0.36296352,3094.94,0.17025432,3095.37,3.73063794,3094.93,0.2714948,3095.4,0.57136401,3094.92,0.12435997,3095.42,0.1615487,3094.9,0.01010575
2024-05-17 19:54:40,3094.82,0.23264975,3094.8,0.005,3095.11,0.36296352,3094.77,0.00510575,3095.12,0.80772539,3094.73,0.5,3095.14,0.16156347,3094.69,0.80783394,3095.15,1.2994454,3094.68,0.6,3095.24,1.93845999,3094.57,0.36296352,3095.25,3.23076657,3094.55,0.43193974,3095.37,0.5,3094.54,1.39535446,3095.39,0.53967,3094.52,0.43193974,3095.4,0.57136401,3094.51,4.58380467
2024-05-17 19:54:43,3094.98,0.23385587,3094.8,1.33225154,3095.11,0.80772613,3094.77,0.00510575,3095.13,0.23264182,3094.74,0.09693382,3095.14,0.16156345,3094.73,0.5,3095.2,2.99973157,3094.72,0.187,3095.22,0.75396352,3094.71,0.36296352,3095.23,1.01482251,3094.69,0.9047689,3095.25,3.23076657,3094.68,0.6,3095.34,0.24795,3094.55,0.43193974,3095.37,0.5,3094.54,1.39535446
2024-05-17 19:54:45,3094.84,0.10949498,3094.8,1.33225154,3094.88,0.90883458,3094.77,0.00510575,3094.9,0.98298412,3094.61,0.19387108,3094.91,0.75682888,3094.6,0.36296352,3094.92,0.42159396,3094.53,0.187,3094.93,1.1632198,3094.51,0.5,3094.94,0.39417964,3094.5,2.26034855,3095.07,0.23264564,3094.49,0.80788582,3095.08,1.93855567,3094.48,0.43193974,3095.09,3.23092605,3094.47,0.43193974
2024-05-17 19:54:48,3094.84,0.08213341,3094.8,1.33225154,3094.95,0.09693538,3094.77,0.00510575,3094.97,0.09693448,3094.63,0.09693477,3094.99,0.80775923,3094.62,0.09693443,3095.01,0.16157039,3094.6,0.36296352,3095.06,0.23264283,3094.55,0.187,3095.07,0.391,3094.54,0.80787318,3095.08,1.93855567,3094.51,0.5,3095.09,3.23092605,3094.5,2.26034855,3095.12,0.36296352,3094.49,0.43193974
2024-05-17 19:54:51,3094.87,1.29898691,3094.8,1.15070238,3094.88,0.75346834,3094.77,0.00510575,3094.89,0.38331912,3094.61,0.19386892,3094.9,0.61007426,3094.6,0.36296352,3094.91,0.2678833,3094.56,0.5,3094.93,0.40334628,3094.55,0.187,3094.97,0.80776436,3094.54,0.80787318,3094.98,0.19386892,3094.5,2.26034855,3095.07,0.23264292,3094.49,0.43193974,3095.08,1.93855567,3094.48,0.43193974
2024-05-17 19:54:54,3094.36,0.60315273,3094.25,1.45082064,3094.4,0.1939046,3094.2,0.36296352,3094.41,0.06811814,3094.17,0.0969523,3094.52,0.23268703,3094.16,0.80797185,3094.53,1.01533947,3094.1,4.201e-05,3094.54,0.80787636,3094.09,0.0969523,3094.63,0.16159007,3094.08,3.23197825,3094.69,0.36296352,3094.01,0.5,3094.71,1.93878789,3094.0,0.16159007,3094.72,3.23131311,3093.89,0.43193974
2024-05-17 19:54:57,3094.37,0.09695024,3094.32,0.36296352,3094.38,0.01050274,3094.28,0.73551721,3094.41,0.0521562,3094.27,1.44979764,3094.5,0.53415532,3094.26,0.80794725,3094.67,0.48470407,3094.25,1.45082064,3094.68,0.80784,3094.18,0.16158047,3094.81,2.10030937,3094.13,2.2391859,3094.82,3.23121469,3094.12,3.3288846,3094.85,0.36296352,3094.11,0.5,3095.0,0.32382398,3094.1,4.201e-05
2024-05-17 19:55:00,3094.4,0.12634245,3094.25,1.45082064,3094.41,0.0521562,3094.1,0.09699338,3094.44,0.1939026,3094.09,0.09695137,3094.45,0.391,3094.04,0.5,3094.46,1.63345645,3094.02,2.8210093,3094.47,1.13418461,3094.01,0.36296352,3094.48,1.01399256,3093.99,0.43193974,3094.5,0.89711884,3093.98,3.6640133,3094.56,0.23268329,3093.97,0.43193974,3094.57,0.16159297,3093.96,0.43193974
2024-05-17 19:55:03,3094.37,0.38468429,3094.25,0.62611909,3094.38,0.54861436,3094.19,0.16158006,3094.39,0.09695215,3094.16,0.09695215,3094.4,0.11374008,3094.15,3.10754423,3094.52,0.09695215,3094.14,0.5,3094.54,0.80787552,3094.13,2.02294012,3094.59,0.23268515,3094.11,1.17094914,3094.6,0.36296352,3094.1,4.201e-05,3094.72,1.93878508,3094.09,1.48530903,3094.73,3.23130831,3094.03,2.19840804
2024-05-17 19:55:04,3094.4,0.11374008,3094.27,5.58611034,3094.41,0.03994364,3094.26,0.54680579,3094.6,0.391,3094.25,0.64205014,3094.61,0.80785868,3094.19,0.80796373,3094.73,3.23130831,3094.16,1.21376416,3095.0,0.32382398,3094.15,1.55178022,3095.11,10.01492171,3094.14,0.5,3095.12,16.69153606,3094.13,0.73551721,3095.14,0.53792,3094.11,0.36296352,3095.16,0.53792,3094.1,4.201e-05
2024-05-17 19:55:06,3094.41,0.03232976,3094.32,0.80793138,3094.58,0.09694779,3094.26,0.09694823,3094.59,0.09799858,3094.25,0.08194078,3094.6,0.36296352,3094.21,1.93910845,3094.67,0.23267414,3094.2,4.36878936,3094.68,0.52916927,3094.17,1.53649799,3094.69,0.80783624,3094.16,0.16158053,3094.73,0.03916005,3094.14,0.5,3094.84,0.16157793,3094.1,4.201e-05,3094.9,1.93866999,3094.09,0.36296352
2024-05-17 19:55:09,3094.11,0.36296352,3094.02,0.5827622,3094.22,0.193916,3093.99,0.808018,3094.23,0.62688558,3093.94,3.23212471,3094.25,1.5818358,3093.83,0.096958,3094.26,0.54914888,3093.82,0.16159848,3094.27,0.684986,3093.7,3.41242013,3094.3,0.38762792,3093.69,1.35019831,3094.32,0.23269943,3093.68,1.51777377,3094.33,0.20504856,3093.67,2.30066582,3094.42,0.65827033,3093.66,0.00048472
2024-05-17 19:55:10,3094.07,0.00735496,3094.02,0.5827622,3094.23,0.62688558,3093.99,0.808018,3094.25,1.5818358,3093.94,3.23212471,3094.26,0.9121124,3093.82,0.16159848,3094.27,0.684986,3093.7,3.77538365,3094.3,0.38762792,3093.69,1.35019831,3094.33,0.20504856,3093.68,1.51777377,3094.42,0.65827033,3093.67,2.30066582,3094.43,0.80790547,3093.66,0.00048472,3094.45,0.16159848,3093.63,0.43193974
2024-05-17 19:55:12,3094.24,0.11029585,3094.02,1.12378045,3094.25,0.86134648,3093.99,0.808018,3094.27,1.04794952,3093.86,0.5,3094.3,0.38762792,3093.85,0.09695763,3094.36,0.23269844,3093.83,2.25408338,3094.37,0.80791907,3093.82,3.39384203,3094.45,0.16159848,3093.79,0.36296352,3094.47,0.639638,3093.7,0.31094647,3094.48,1.06606331,3093.69,1.35019831,3094.55,1.93888778,3093.68,1.51777377
2024-05-17 19:55:15,3094.34,0.60134641,3094.13,1.10540897,3094.35,0.80792476,3094.03,0.09695445,3094.42,0.5,3094.02,0.02081786,3094.47,0.36296352,3094.0,0.1615889,3094.48,0.23269079,3093.99,1.40666418,3094.49,0.44970141,3093.98,0.36296352,3094.5,0.74950228,3093.96,1.87776018,3094.55,1.93888778,3093.95,1.58605011,3094.56,3.23147957,3093.94,0.73551721,3094.65,0.16158812,3093.93,0.80803288
2024-05-17 19:55:18,3094.36,0.62111,3094.14,0.09695418,3094.38,0.80791643,3094.13,1.10540897,3094.44,0.09695418,3094.04,0.16158682,3094.45,0.391,3094.02,0.02081786,3094.46,2.38864726,3094.01,1.51043834,3094.47,3.59453993,3094.0,0.79954547,3094.5,0.74950228,3093.99,0.36296352,3094.64,0.23269004,3093.97,0.80802224,3094.68,0.97842,3093.86,0.5,3094.71,1.10320482,3093.85,2.08619914
2024-05-17 19:55:22,3094.45,0.12918673,3094.14,1.2728419,3094.48,0.36296352,3094.13,0.00063521,3094.51,0.80788484,3094.11,0.54296577,3094.58,0.391,3094.1,0.80798896,3094.59,1.93886384,3094.03,0.09695293,3094.6,3.23143974,3094.02,0.02081786,3094.68,0.97842,3094.0,1.58595895,3094.73,0.20074362,3093.99,0.36296352,3094.77,0.59362633,3093.92,1.93929021,3094.78,0.98937717,3093.91,3.23215034
2024-05-17 19:55:25,3094.38,0.13548606,3094.13,1.11067504,3094.39,0.38663226,3094.11,0.54296577,3094.42,0.23268966,3094.1,0.80798896,3094.43,1.17239378,3094.03,0.09695378,3094.45,0.391,3094.02,0.18240604,3094.46,0.80789649,3094.0,1.58595895,3094.47,0.5,3093.97,0.36296352,3094.48,0.36296352,3093.92,1.93929021,3094.59,1.93886384,3093.91,3.23215034,3094.6,3.23143974,3093.87,0.43193974
2024-05-17 19:55:28,3094.39,0.33810697,3094.13,1.10978142,3094.43,1.17239378,3094.11,0.63991951,3094.45,0.62368913,3094.1,0.80798896,3094.46,0.80789649,3094.02,0.02081786,3094.47,0.5,3094.0,1.58595895,3094.48,0.36296352,3093.97,0.52455419,3094.59,1.93886384,3093.92,1.93929021,3094.6,3.23143974,3093.91,3.23215034,3094.64,0.16158818,3093.87,0.43193974,3094.68,0.97842,3093.86,0.5
2024-05-17 19:55:30,3094.39,0.23845694,3094.14,0.67875206,3094.42,0.09695304,3094.13,0.16167585,3094.43,1.17239378,3094.1,0.80798896,3094.45,0.391,3094.02,0.02081786,3094.46,0.80789649,3094.0,1.58595895,3094.47,0.5,3093.92,1.93929021,3094.48,0.36296352,3093.91,3.23215034,3094.58,0.23268908,3093.88,0.5,3094.59,1.93886384,3093.87,0.79490326,3094.6,3.23143974,3093.85,0.78730137
2024-05-17 19:55:33,3094.37,0.20545481,3094.14,1.70233102,3094.38,0.36296352,3094.13,9.372e-05,3094.39,0.23425753,3094.11,0.09695387,3094.43,1.17239378,3094.1,0.80798896,3094.45,0.391,3094.04,0.09695387,3094.46,0.80789649,3094.02,0.02081786,3094.47,0.5,3094.0,1.74754806,3094.58,0.23268929,3093.92,1.93929021,3094.59,1.93886384,3093.91,3.23215034,3094.6,3.23143974,3093.89,0.36296352
2024-05-17 19:55:36,3094.36,0.62006591,3094.13,1.1230517,3094.37,0.59494056,3094.05,0.09695418,3094.38,0.36296352,3094.04,0.80800397,3094.39,0.23425753,3094.03,0.09695559,3094.42,0.391,3094.02,0.02081786,3094.43,1.09836087,3093.94,0.16159225,3094.44,0.23269188,3093.92,1.93929021,3094.46,0.80789649,3093.91,3.23215034,3094.47,0.5,3093.89,0.36296352,3094.57,0.16159225,3093.88,0.5
2024-05-17 19:55:39,3094.33,0.20440634,3094.13,9.695e-05,3094.35,1.1129561,3094.04,0.80800397,3094.37,0.40103,3094.02,0.02081786,3094.38,0.36296352,3093.95,0.09695633,3094.4,0.391,3093.92,1.93929021,3094.41,0.80790908,3093.91,3.23215034,3094.44,0.23269188,3093.89,0.36296352,3094.47,0.5,3093.88,0.5,3094.57,0.16159225,3093.87,0.43193974,3094.59,1.93886384,3093.85,0.78730137
2024-05-17 19:55:42,3094.36,0.8658991,3094.14,0.09695418,3094.37,0.40103,3094.13,1.07469098,3094.38,0.36296352,3094.05,0.09695418,3094.4,0.391,3094.04,0.80800397,3094.41,0.80790908,3094.02,0.02081786,3094.47,0.5,3093.94,0.16159225,3094.56,0.23268993,3093.92,1.93929021,3094.57,0.16159225,3093.91,3.23215034,3094.59,1.93886384,3093.89,0.36296352,3094.6,3.23143974,3093.88,0.5
2024-05-17 19:55:46,3094.16,0.23270772,3093.96,0.44131042,3094.18,0.02309201,3093.95,0.73551721,3094.24,0.6975227,3093.85,1.84800483,3094.26,0.391,3093.79,3.39387343,3094.27,1.34214061,3093.73,0.36296352,3094.29,0.36296352,3093.7,0.31094647,3094.31,0.57804841,3093.68,1.38039954,3094.33,0.8079301,3093.67,2.30066582,3094.37,0.40103,3093.66,0.00048472,3094.41,0.16160019,3093.57,0.75536359
2024-05-17 19:55:49,3094.15,0.01796443,3093.96,0.10002089,3094.16,0.54356383,3093.95,0.58177752,3094.26,0.09696019,3093.94,0.8080289,3094.27,0.23270435,3093.87,0.01081787,3094.28,1.09353619,3093.86,0.5,3094.29,0.36296352,3093.85,1.84800483,3094.33,0.8079301,3093.79,3.39387343,3094.37,0.40103,3093.78,0.36296352,3094.45,0.16159824,3093.7,0.31094647,3094.46,2.23894864,3093.68,1.2666221
2024-05-17 19:55:51,3094.16,0.0222925,3093.96,1.24608803,3094.18,0.09695954,3093.95,0.48481737,3094.19,0.5887747,3093.94,0.8080289,3094.26,0.09696013,3093.89,0.09695989,3094.27,0.62370435,3093.88,0.5,3094.28,0.70253619,3093.87,0.01081787,3094.29,0.36296352,3093.85,1.84800483,3094.33,0.8079301,3093.79,3.39387343,3094.37,0.40103,3093.78,0.36296352,3094.45,0.16159824,3093.7,0.31094647
