time,PRICE_ASK_1,VOLUME_ASK_1,PRICE_BID_1,VOLUME_BID_1,PRICE_ASK_2,VOLUME_ASK_2,PRICE_BID_2,VOLUME_BID_2,PRICE_ASK_3,VOLUME_ASK_3,PRICE_BID_3,VOLUME_BID_3,PRICE_ASK_4,VOLUME_ASK_4,PRICE_BID_4,VOLUME_BID_4,PRICE_ASK_5,VOLUME_ASK_5,PRICE_BID_5,VOLUME_BID_5,PRICE_ASK_6,VOLUME_ASK_6,PRICE_BID_6,VOLUME_BID_6,PRICE_ASK_7,VOLUME_ASK_7,PRICE_BID_7,VOLUME_BID_7,PRICE_ASK_8,VOLUME_ASK_8,PRICE_BID_8,VOLUME_BID_8,PRICE_ASK_9,VOLUME_ASK_9,PRICE_BID_9,VOLUME_BID_9,PRICE_ASK_10,VOLUME_ASK_10,PRICE_BID_10,VOLUME_BID_10
2024-05-17 19:42:25,66998.38,0.13508163,66998.37,0.04765175,66999.5,0.04298704,66994.56,0.06928149,67000.53,0.07462628,66994.28,0.07463322,67002.88,0.01044836,66993.34,0.01492574,67002.89,0.01044836,66993.33,0.04666964,67003.22,0.089548,66992.48,0.0104484,67003.23,0.14924653,66991.94,0.0104484,67003.44,0.01044836,66991.92,0.0104484,67004.78,0.01492574,66991.86,0.17911713,67004.79,0.24386455,66991.85,0.2985284
2024-05-17 19:42:26,66998.38,0.2097402,66998.37,0.04529296,66999.49,0.11211987,66991.87,0.01492574,66999.5,0.04298704,66991.84,0.00016712,67000.43,0.14925277,66991.73,0.04478173,67003.06,0.01044833,66991.72,0.07463608,67003.07,0.01044833,66989.11,0.0895669,67003.22,0.01492574,66989.1,0.14927801,67003.62,0.01044833,66988.64,0.01480848,67004.77,0.02,66988.37,0.00381334,67004.79,0.22386455,66986.17,2.239e-05
2024-05-17 19:42:30,66993.57,0.0015159,66993.56,0.04047184,66995.35,0.02566477,66991.12,0.04478212,66995.36,0.04298704,66991.11,0.07463676,66997.73,0.05399917,66989.77,0.01044873,66997.74,0.07462938,66989.33,0.01044873,66998.38,5.224e-05,66989.22,0.01044873,66999.71,0.02537542,66989.11,0.0895669,67000.15,0.01044878,66989.1,0.14927801,67000.29,0.01044867,66988.64,0.01480848,67000.42,0.08955168,66988.37,0.01873998
2024-05-17 19:42:35,66993.57,0.1341225,66993.56,0.0015159,66994.99,0.0104495,66988.64,0.01480848,66995.06,0.01044951,66988.37,0.00381334,66995.34,8.214e-05,66986.23,0.07464219,66995.5,0.01492749,66986.17,2.239e-05,66995.51,0.01044951,66984.8,0.12713073,66995.58,0.08955818,66984.79,0.1492876,66995.59,0.14926356,66984.43,0.07080826,66998.98,0.22388404,66984.35,0.01044957,66998.99,0.37313996,66983.9,0.01044957
2024-05-17 19:42:38,66993.57,0.11672512,66993.56,0.02847323,66994.26,0.0447794,66988.95,0.07463916,66995.22,0.0746322,66988.64,0.01480848,66997.71,0.08955529,66988.37,0.00381334,66997.72,0.16418581,66988.17,0.01044898,66998.08,0.01044902,66987.72,0.01044898,66998.56,0.01044896,66987.62,0.01044898,66998.63,0.01044902,66986.84,0.01492699,67001.66,0.02,66986.83,0.08956986,67001.75,0.22387474,66986.82,0.14928309
2024-05-17 19:42:41,66991.96,0.06578272,66991.95,0.0245159,66993.57,0.00933431,66989.66,0.07447853,66996.18,0.04477871,66988.64,0.01480848,66996.19,0.07463111,66988.37,0.00381334,66997.71,0.08955529,66987.65,0.01044906,66997.72,0.14925882,66987.2,0.01044906,66997.81,0.01044906,66987.1,0.01044906,66997.91,0.01044906,66986.83,0.08956988,66998.36,0.02537593,66986.82,0.14928309,67001.66,0.02,66984.45,0.01492727
2024-05-17 19:42:44,66991.96,0.10799934,66991.95,0.02344106,66993.57,0.00922227,66990.33,0.07463763,66996.83,0.08955765,66988.64,0.01480848,66997.71,0.08955529,66988.37,0.01426229,66997.72,0.14925882,66987.92,0.01044895,66997.92,0.01044904,66987.82,0.01044895,66998.02,0.01044904,66986.83,0.08956988,66998.47,0.01044904,66986.82,0.14928309,67001.66,0.02,66984.43,0.07080803,67001.75,0.22387474,66982.79,0.26206291
2024-05-17 19:42:47,66990.34,0.17053015,66990.33,0.0825159,66991.96,0.00589195,66989.66,0.07463838,66993.57,0.00922227,66988.64,0.01480848,66995.35,0.01044945,66988.37,0.00381334,66995.45,0.01044945,66986.82,0.14928309,66995.9,0.01044945,66985.11,0.01044945,66995.99,0.08955893,66984.68,0.0550244,66997.71,0.08955529,66984.67,0.02537698,66997.72,0.14925882,66984.56,0.01044945,66999.12,0.08,66984.43,0.05588075
2024-05-17 19:42:51,66989.84,0.09595496,66989.83,0.05242215,66989.85,0.04298704,66989.72,0.07463831,66993.56,0.00016712,66987.93,0.1492806,66993.57,0.00922227,66984.49,0.08929614,66994.69,0.01044955,66984.48,0.04666964,66994.8,0.01044955,66984.43,0.05588075,66995.24,0.02537719,66984.33,0.01044958,66995.98,0.04477881,66983.89,0.01492764,66995.99,0.07463133,66983.88,0.01044958,66997.71,0.08955529,66983.78,0.01044958
2024-05-17 19:42:53,66989.84,0.09595496,66989.83,0.05242215,66989.85,0.04298704,66989.72,0.07463831,66993.56,0.00016712,66987.93,0.1492806,66993.57,0.00922227,66984.49,0.08929614,66994.69,0.01044955,66984.48,0.04666964,66994.8,0.01044955,66984.43,0.05588075,66995.23,0.04477926,66984.33,0.01044958,66995.24,0.02537719,66983.89,0.01492764,66995.37,0.07463202,66983.88,0.01044958,66997.71,0.08955529,66983.78,0.01044958
2024-05-17 19:42:56,66989.84,0.42184401,66989.83,0.05242215,66989.85,0.04298704,66988.8,0.07463934,66990.85,0.29855158,66987.93,0.1492806,66991.56,0.05599892,66984.49,0.08929614,66991.85,0.29855158,66984.48,0.04666964,66993.56,0.00016712,66984.43,0.05588075,66993.57,0.00922227,66984.33,0.01044958,66994.69,0.01044955,66983.89,0.01492764,66994.8,0.01044955,66983.88,0.01044958,66995.16,0.04477944,66983.78,0.01044958
2024-05-17 19:42:59,66989.84,0.42147252,66989.83,0.0400106,66989.85,0.04298704,66989.58,0.07463847,66990.85,0.29855158,66987.93,0.1492806,66991.56,0.05599892,66984.49,0.08929614,66991.85,0.29855158,66984.48,0.04666964,66993.56,0.00016712,66984.43,0.05588075,66993.57,0.00922227,66984.33,0.01044958,66994.44,0.01492766,66983.89,0.01492764,66994.45,0.0701551,66983.88,0.01044958,66994.69,0.01044955,66983.78,0.01044958
2024-05-17 19:43:03,66982.08,0.04403662,66982.07,0.08353627,66989.56,0.07463849,66981.89,0.2239411,66989.82,0.00031698,66980.85,0.01045012,66989.83,0.20419043,66979.38,0.12902163,66989.84,0.29876828,66979.37,0.37324922,66990.85,0.29855158,66978.35,0.00016712,66991.55,0.08956205,66976.53,0.01492935,66991.56,0.05599892,66976.52,0.00746353,66991.85,0.29855158,66976.47,0.45180003,66992.7,0.14927001,66976.46,0.753
2024-05-17 19:43:06,66982.08,0.0015159,66982.07,0.12636499,66982.83,0.03856016,66981.89,0.07464703,66982.84,0.29859972,66980.9,0.01045011,66982.85,0.00024662,66980.06,0.01045017,66982.86,0.00094236,66979.96,0.01045017,66989.55,0.02492929,66979.38,0.12902163,66989.56,0.07463849,66979.37,0.37324922,66990.53,0.17915987,66978.35,0.00016712,66990.54,0.29859972,66976.53,0.01492929,66990.69,0.01045017,66976.52,0.00746353
2024-05-17 19:43:06,66982.08,0.0015159,66982.07,0.12636499,66982.83,0.03856016,66981.89,0.07464703,66982.84,0.29859972,66980.9,0.01045011,66982.85,0.00024662,66980.06,0.01045017,66982.86,0.00094236,66979.96,0.01045017,66983.83,0.29859972,66979.38,0.12902163,66989.55,0.02492929,66979.37,0.37324922,66989.56,0.07463849,66978.35,0.00016712,66990.53,0.17915987,66976.53,0.01492929,66990.69,0.01045017,66976.52,0.00746353
2024-05-17 19:43:09,66982.08,0.00069611,66982.07,0.15214157,66982.85,0.00024662,66981.89,0.07464703,66983.34,0.04298704,66979.38,0.12902163,66983.82,0.17915986,66979.37,0.37324922,66983.83,0.29859972,66978.35,0.00016712,66983.85,0.29859972,66976.53,0.01492923,66989.55,0.02492929,66976.52,0.00746353,66989.56,0.07463849,66976.47,0.45180003,66990.54,0.17915987,66976.46,0.753,66991.23,0.08,66973.26,0.02337516
2024-05-17 19:43:14,66982.08,0.05952529,66982.07,0.00071634,66982.81,0.29818952,66981.89,0.07464703,66982.82,0.08112726,66979.77,0.01045029,66983.83,0.29859972,66979.38,0.12902163,66989.55,0.01492937,66979.37,0.37324922,66990.17,0.07463781,66979.29,0.01045029,66990.54,0.17915987,66979.22,0.01045029,66990.68,0.01045017,66978.35,0.00016712,66990.78,0.01045017,66976.53,0.01492934,66991.23,0.09045017,66976.52,0.00746353
2024-05-17 19:43:17,66982.08,0.04455519,66982.07,0.15195492,66982.81,0.29818952,66981.89,0.07464703,66982.82,0.08112726,66979.54,0.01045032,66983.83,0.29859972,66979.38,0.12902163,66988.75,0.02537985,66979.09,0.01045032,66988.85,0.01045048,66978.99,0.01045032,66989.29,0.01045048,66978.35,0.00016712,66990.46,0.07463749,66976.53,0.01492934,66991.23,0.08,66976.52,0.00746353,66991.53,0.16796466,66976.51,0.37326516
2024-05-17 19:43:20,66982.08,0.04455519,66982.07,0.28981775,66982.81,0.29818952,66979.79,0.01045028,66983.82,0.16756529,66979.38,0.12902163,66983.83,0.29859972,66979.35,0.01045028,66988.02,0.01492937,66979.24,0.01045028,66989.97,0.01045028,66978.35,0.00016712,66990.07,0.01045028,66976.53,0.01492934,66990.52,0.01045028,66976.52,0.00746353,66991.23,0.08,66976.51,0.37326516,66991.53,0.08956207,66976.47,0.45180003
2024-05-17 19:43:23,66982.08,0.04452529,66982.07,0.28952956,66982.81,0.29818952,66981.1,0.01045008,66983.82,0.16756529,66980.65,0.01045008,66983.83,0.29859972,66980.55,0.01045008,66988.02,0.01492937,66979.38,0.12902163,66990.6,0.07463734,66978.35,0.00016712,66991.23,0.08,66976.53,0.01492934,66991.24,0.01045009,66976.52,0.00746353,66991.34,0.01045009,66976.51,0.37326516,66991.53,0.08956207,66976.47,0.45180003
2024-05-17 19:43:26,66982.08,0.35816784,66982.07,0.00151679,66983.82,0.17915983,66979.75,0.07464941,66983.83,0.29859972,66979.38,0.12902163,66985.46,0.02538061,66978.35,0.00016712,66986.01,0.01045099,66977.7,0.14930341,66986.31,0.07464211,66976.46,0.753,66986.58,0.01045083,66975.71,0.01045092,66988.51,0.14927935,66975.28,0.01492962,66991.22,0.02,66975.27,0.01045092,66991.23,0.08,66975.16,0.01045092
2024-05-17 19:43:30,66982.08,0.34107534,66982.07,0.06192689,66983.82,0.17915983,66979.38,0.12902163,66983.83,0.29859972,66978.99,0.07465027,66984.95,0.01045108,66978.35,0.00016712,66985.51,0.07464301,66977.7,0.14930341,66985.52,0.01045098,66975.28,0.01492962,66986.06,0.01045098,66974.6,0.01045109,66988.5,0.01492937,66974.16,0.01045109,66988.51,0.14927935,66974.06,0.01045109,66991.2,0.24154724,66973.57,0.22396899
2024-05-17 19:43:32,66982.08,0.32691485,66982.07,0.06192689,66983.82,0.17915983,66979.38,0.12902163,66983.83,0.29859972,66978.99,0.07465027,66984.77,0.07464383,66978.35,0.00016712,66984.95,0.01045108,66977.7,0.14930341,66985.52,0.01045098,66975.28,0.01492962,66986.06,0.01045098,66974.6,0.01045109,66988.5,0.01492937,66974.16,0.01045109,66988.51,0.14927935,66974.06,0.01045109,66991.2,0.24154724,66973.57,0.22396899
2024-05-17 19:43:35,66982.08,0.29796618,66982.07,0.04566146,66983.38,0.07464538,66978.35,0.00016712,66983.82,0.23021686,66978.32,0.04666964,66983.83,0.29859972,66977.49,0.07465193,66986.41,0.16421339,66976.62,0.01492937,66986.79,0.01045078,66976.61,0.01045078,66986.89,0.01045078,66976.16,0.01045078,66987.33,0.01045078,66976.06,0.01045078,66989.6,0.22391538,66975.33,0.14930868,66989.61,0.37319224,66973.57,0.22396899
2024-05-17 19:43:38,66982.08,0.29467612,66982.07,0.04560663,66983.38,0.07464538,66978.35,0.12942078,66983.82,0.23021686,66978.32,0.04666964,66983.83,0.29859972,66977.49,0.07465193,66986.41,0.14928402,66976.62,0.01492937,66986.78,0.01492937,66976.61,0.01045078,66986.79,0.01045078,66976.16,0.01045078,66986.89,0.01045078,66976.06,0.01045078,66987.33,0.01045078,66975.33,0.14930868,66989.6,0.22391538,66971.27,0.3186982
2024-05-17 19:43:41,66978.36,0.16714803,66978.35,0.12942078,66982.07,0.06070911,66978.32,0.04666964,66982.08,0.04299929,66977.49,0.07465193,66983.36,0.0895754,66975.33,0.14930868,66984.14,0.01045119,66971.28,0.01492978,66984.24,0.01045119,66971.27,0.21044717,66984.69,0.01045119,66970.7,0.37329754,66986.4,0.08957046,66969.95,0.08994539,66986.41,0.14928402,66969.0,0.00231172,66989.6,0.22391538,66968.79,0.22606711
2024-05-17 19:43:44,66975.96,0.35800175,66975.95,0.05866072,66978.33,0.18817428,66974.68,0.07465507,66979.35,0.29862379,66973.15,0.14931354,66980.35,0.29862379,66972.91,0.01045136,66980.54,0.07464854,66972.47,0.01045136,66981.74,0.01,66972.36,0.01045136,66982.07,0.01045152,66971.27,0.12851017,66982.17,0.01045152,66970.7,0.38822827,66982.62,0.01045152,66969.0,0.00231172,66984.15,0.14928905,66968.29,0.05127024
2024-05-17 19:43:48,66975.96,0.48210506,66975.95,0.05097369,66978.88,0.0746504,66971.97,0.07465809,66981.16,0.19410983,66971.27,0.12851017,66981.17,0.29863182,66971.12,0.1642488,66981.31,0.01045164,66970.16,0.01045179,66981.41,0.01045164,66969.72,0.01045179,66981.74,0.01,66969.62,0.01045179,66981.85,0.01045164,66969.0,0.00231172,66982.09,0.14929365,66967.69,0.37331432,66983.18,0.29863182,66966.28,0.38480504
2024-05-17 19:43:51,66969.01,0.1227479,66969.0,0.26339165,66974.58,0.01493228,66967.58,0.14932597,66974.59,0.015,66967.5,0.0104522,66975.92,0.00016712,66967.05,0.0104522,66975.93,0.17918418,66966.96,0.0104522,66975.94,0.29864029,66966.07,2.24e-05,66975.95,0.29864029,66964.59,0.01493228,66975.96,5.226e-05,66964.58,0.22032811,66976.1,0.07287868,66964.57,0.01675831,66977.0,0.07465249,66963.52,0.37333755
2024-05-17 19:43:54,66969.01,0.00153825,66969.0,0.38716478,66969.11,0.02579228,66966.95,0.01045229,66969.12,0.04298704,66966.51,0.01045229,66974.28,0.01493227,66966.4,0.01045229,66974.29,0.05549432,66966.07,2.24e-05,66975.92,0.00016712,66964.58,0.22032811,66975.93,0.17918418,66964.57,0.01675831,66975.94,0.30864029,66963.53,0.01493227,66975.95,0.29864029,66963.52,0.37333755,66977.43,0.07041346,66961.5,0.19244615
2024-05-17 19:43:57,66969.01,0.04437746,66969.0,0.38689871,66974.27,0.02493228,66967.21,0.01045225,66974.29,0.05549432,66966.77,0.01045225,66975.92,0.00016712,66966.66,0.01045225,66975.93,0.3545133,66966.31,0.37332204,66975.94,0.29864029,66966.07,2.24e-05,66975.95,0.29864029,66964.58,0.0150994,66977.43,0.07041346,66964.57,0.01675831,66977.77,0.01045219,66961.51,0.17201782,66977.87,0.01045219,66961.5,0.19244615
2024-05-17 19:43:59,66969.01,0.03850202,66969.0,0.38689871,66974.27,0.02493228,66967.21,0.01045225,66974.29,0.05549432,66966.77,0.01045225,66975.92,0.00016712,66966.66,0.01045225,66975.93,0.3545133,66966.31,0.37332204,66975.94,0.29864029,66966.07,2.24e-05,66975.95,0.29864029,66964.58,0.0150994,66977.43,0.07041346,66964.57,0.01675831,66977.77,0.01045219,66961.51,0.17201782,66977.87,0.01045219,66961.5,0.19244615
2024-05-17 19:44:02,66969.01,0.06736162,66969.0,0.87141167,66974.28,0.01493228,66966.4,0.01045237,66974.29,0.05549432,66966.31,0.37332204,66975.92,0.00016712,66966.07,2.24e-05,66975.93,0.17918418,66965.96,0.01045237,66975.94,0.29864029,66965.85,0.01045237,66975.95,0.29864029,66964.58,0.0150994,66976.13,0.01045244,66964.57,0.01675831,66976.24,0.01045244,66961.51,0.11546773,66976.68,0.01045244,66961.5,0.19244615
2024-05-17 19:44:05,66969.01,0.1068637,66969.0,1.53508159,66974.28,0.01493228,66966.4,0.01045237,66974.29,0.05549432,66966.31,0.37332204,66974.3,0.01,66966.07,2.24e-05,66975.92,0.00016712,66965.96,0.01045237,66975.93,0.17918418,66965.85,0.01045237,66975.94,0.29864029,66964.58,0.0150994,66975.95,0.29864029,66964.57,0.01675831,66977.37,0.01045225,66961.51,0.11546773,66977.42,0.04224813,66961.5,0.19244615
2024-05-17 19:44:08,66969.01,0.10943471,66969.0,1.53508159,66974.28,0.0482289,66966.31,0.37332204,66974.29,0.05549432,66966.07,2.24e-05,66974.3,0.01,66965.93,0.01045245,66975.92,0.00016712,66965.49,0.01045245,66976.9,0.01045232,66965.39,0.01045245,66976.97,0.01045233,66964.58,0.0150994,66977.42,0.05845234,66964.57,0.01675831,66977.43,0.07041346,66961.51,0.11546773,66977.76,0.08,66961.5,0.19244615
2024-05-17 19:44:11,66969.01,0.13673668,66969.0,1.53533642,66974.28,0.0482289,66966.31,0.37332204,66974.29,0.05549432,66966.07,2.24e-05,66974.3,0.01,66965.93,0.01045245,66975.92,0.00016712,66965.49,0.01045245,66976.9,0.01045232,66965.39,0.01045245,66976.97,0.01045233,66964.58,0.0150994,66977.42,0.05845234,66964.57,0.01675831,66977.43,0.07041346,66960.16,0.00028728,66977.76,0.08,66959.43,0.63848476
2024-05-17 19:44:14,66969.01,0.1366072,66969.0,1.52087489,66974.28,0.0482289,66967.08,0.01045227,66974.29,0.05549432,66966.64,0.01045227,66974.3,0.01,66966.53,0.01045227,66975.92,0.00016712,66966.31,0.37332204,66976.21,0.01045243,66966.07,2.24e-05,66976.31,0.01045243,66964.58,0.0150994,66977.42,0.04800001,66964.57,0.01675831,66977.43,0.07041346,66960.16,0.00028728,66977.76,0.08,66959.43,0.63848476
2024-05-17 19:44:17,66969.01,0.1271235,66969.0,1.52054684,66974.26,0.17919014,66966.39,0.01045237,66974.27,0.2986501,66966.31,0.37332204,66974.28,0.01493228,66966.07,2.24e-05,66974.29,0.05549432,66965.95,0.01045237,66974.3,0.01,66965.85,0.01045237,66975.28,0.2986501,66964.58,0.0150994,66975.92,0.00016712,66964.57,0.01675831,66976.21,0.01045243,66960.16,0.00028728,66976.28,0.2986501,66959.43,0.63848476
2024-05-17 19:44:20,66969.01,0.12670161,66969.0,1.52054684,66974.26,0.19175082,66966.39,0.01045237,66974.27,0.2986501,66966.31,0.37332204,66974.28,0.01493228,66966.07,2.24e-05,66974.29,0.05549432,66965.95,0.01045237,66974.3,0.01,66965.85,0.01045237,66975.28,0.2986501,66964.58,0.0150994,66975.92,0.00016712,66964.57,0.01675831,66976.21,0.01045243,66960.16,0.00028728,66976.28,0.2986501,66959.43,0.63848476
2024-05-17 19:44:23,66969.01,0.06117077,66969.0,1.55187163,66974.26,0.19012682,66966.31,0.37332204,66974.27,0.2986501,66966.07,2.24e-05,66974.28,0.01493228,66964.58,0.0150994,66975.92,0.00016712,66964.57,0.01675831,66977.57,0.07044213,66960.21,0.05860201,66977.75,0.04479028,66960.2,0.09738265,66978.83,0.01045202,66960.16,0.00028728,66978.93,0.01045202,66959.44,0.18824352,66978.96,0.07465031,66958.82,0.7467276
2024-05-17 19:44:26,66969.01,0.04468809,66969.0,1.55187181,66974.22,0.02257354,66966.31,0.37332204,66974.23,0.05696115,66966.07,2.24e-05,66974.28,0.01493228,66964.58,0.0150994,66974.77,0.05803071,66964.57,0.01675831,66975.92,0.00016712,66960.63,0.05401078,66977.56,0.04226534,66960.62,0.08973065,66977.57,0.07044213,66960.16,0.00028728,66978.93,0.07465035,66959.44,0.18824352,66978.97,0.010452,66958.82,0.7467276
2024-05-17 19:44:30,66969.01,0.07207498,66969.0,1.49791349,66974.17,0.04731218,66966.31,0.37332204,66974.19,0.01493228,66966.07,2.24e-05,66974.77,0.05803071,66965.61,0.0104525,66975.79,0.0104525,66965.17,0.0104525,66975.89,0.0104525,66965.06,0.0104525,66975.92,0.00016712,66964.58,0.0150994,66977.09,0.01045238,66964.57,0.01675831,66977.56,0.05122434,66960.16,0.00028728,66977.57,0.07044213,66959.91,0.05381968
2024-05-17 19:44:33,66969.01,0.10524515,66969.0,1.51391349,66974.17,0.04731218,66966.31,0.37332204,66974.19,0.01493228,66966.07,2.24e-05,66974.77,0.05803071,66965.61,0.0104525,66975.79,0.0104525,66965.17,0.02538478,66975.89,0.0104525,66965.06,0.0104525,66975.92,0.00016712,66964.58,0.00016712,66977.09,0.01045238,66964.57,0.01675831,66977.56,0.05122434,66960.16,0.00028728,66977.57,0.07044213,66959.45,0.56098273
2024-05-17 19:44:36,66969.01,0.10527506,66969.0,1.51240294,66974.17,0.03481847,66966.31,0.37332204,66974.19,0.01493228,66966.07,2.24e-05,66974.77,0.05803071,66965.61,0.0104525,66975.37,0.01045265,66965.17,0.02538478,66975.79,0.0104525,66965.06,0.0104525,66975.89,0.0104525,66964.58,0.00016712,66975.92,0.00016712,66964.57,0.01675831,66977.56,0.05122434,66960.16,0.00028728,66977.57,0.07044213,66959.45,0.56098273
2024-05-17 19:44:39,66969.01,0.0795116,66969.0,1.50208336,66975.33,0.00106275,66966.31,0.37332204,66975.34,0.17919014,66966.07,2.24e-05,66975.35,0.2986501,66965.62,0.01493228,66975.36,0.01493228,66965.61,0.0104525,66975.37,0.02545265,66965.17,0.0104525,66975.79,0.0104525,66965.06,0.0104525,66975.89,0.0104525,66964.58,0.00016712,66975.92,0.00016712,66964.57,0.01675831,66976.36,0.2986501,66960.16,0.00028728
2024-05-17 19:44:42,66969.01,0.16072615,66969.0,1.51925661,66974.07,0.01493228,66966.31,0.37332204,66975.34,0.17919014,66966.07,2.24e-05,66975.35,0.2986501,66965.29,0.02538483,66975.37,0.02545265,66964.85,0.01045255,66975.47,0.01045255,66964.75,0.01045255,66975.57,0.01045255,66964.58,0.00016712,66975.92,0.00016712,66964.57,0.01675831,66976.36,0.2986501,66960.16,0.00028728,66977.35,0.17919006,66959.45,0.56098276
2024-05-17 19:44:45,66969.01,0.25631509,66969.0,1.42825802,66971.34,0.19161156,66968.44,0.07194013,66971.35,0.2986501,66966.31,0.37332204,66973.0,0.01493228,66966.07,2.24e-05,66973.64,0.05588018,66964.58,0.0150994,66973.83,0.0104528,66964.57,0.01675831,66973.9,0.01045281,66964.03,0.01045266,66974.37,0.0104528,66963.65,0.0104528,66975.92,0.00016712,66963.2,0.0104528,66976.35,0.17919014,66960.16,0.00028728
2024-05-17 19:44:50,66969.01,0.25502512,66969.0,1.42377834,66971.34,0.19161156,66968.29,0.07136674,66971.35,0.2986501,66966.31,0.37332204,66973.0,0.01493228,66966.07,2.24e-05,66973.64,0.05588018,66964.58,0.0150994,66973.83,0.0104528,66964.57,0.01675831,66973.9,0.01045281,66963.65,0.0104528,66974.37,0.0104528,66963.49,0.01045274,66975.92,0.00016712,66963.2,0.0104528,66976.35,0.17919014,66960.16,0.00028728
2024-05-17 19:44:53,66964.59,0.81943201,66964.58,0.00168302,66965.34,0.01045421,66964.57,0.01675831,66965.5,0.0104541,66955.28,0.03831315,66965.61,0.0104541,66954.86,0.00028379,66967.66,0.00156156,66954.65,0.39049296,66968.23,0.20137975,66954.02,0.445,66969.0,0.01,66953.48,0.25742431,66969.01,0.34290034,66953.2,0.74679023,66971.32,0.09495212,66950.17,0.00016712,66971.33,0.00106275,66949.74,0.00746353
2024-05-17 19:44:56,66959.9,0.44035937,66959.89,0.00151664,66963.17,0.01045447,66958.08,0.05664053,66963.28,0.01045447,66954.34,0.01493431,66963.72,0.02538905,66954.29,0.08961338,66964.57,0.18884753,66954.28,0.14935563,66964.58,0.30868311,66951.87,0.22404159,66964.59,9.37e-05,66951.86,0.37340261,66965.54,0.14933055,66950.17,0.00016712,66965.6,0.29868311,66949.74,0.00746353,66966.59,0.17920993,66948.39,0.09483323
2024-05-17 19:44:59,66959.9,0.44035644,66959.89,0.05336864,66962.63,0.04480118,66958.08,0.05664053,66962.64,0.0746685,66955.76,0.08961047,66962.89,0.01045451,66954.29,0.08961347,66963.0,0.01045451,66954.28,0.14935563,66963.16,0.01493431,66953.63,0.01045437,66963.44,0.01045451,66953.18,0.01045437,66964.57,0.18884753,66953.08,0.01045437,66964.58,0.30868311,66951.87,0.22404157,66964.59,9.37e-05,66951.86,0.37340261
2024-05-17 19:45:03,66959.9,0.43253789,66959.89,0.05336864,66960.71,0.01045485,66958.08,0.05664053,66960.81,0.01045485,66956.03,0.01493431,66961.04,0.17921931,66955.32,0.07467665,66961.05,0.29869872,66954.29,0.08961347,66961.26,0.01045485,66954.28,0.14935563,66961.9,0.07466933,66950.39,0.01045487,66964.58,0.02493431,66950.17,0.00016712,66964.59,1.152e-05,66949.95,0.01045487,66965.53,0.17920987,66949.85,0.01045487
2024-05-17 19:45:05,66950.18,0.04387814,66950.17,0.36961298,66954.33,0.01,66948.34,0.07468444,66954.34,0.18818571,66946.79,0.08962346,66954.35,0.2987063,66946.78,0.14937236,66954.36,0.01493648,66946.43,0.01493648,66954.47,0.01045582,66944.26,3.11e-06,66954.58,0.01045582,66944.15,0.01045585,66955.01,0.07467701,66943.7,0.01045585,66955.02,0.01045582,66943.6,0.01045585,66958.53,0.14934618,66943.49,0.2240696
2024-05-17 19:45:08,66950.2,0.04415539,66950.19,0.13491044,66954.32,0.45409691,66950.17,0.05995734,66954.33,0.3088742,66950.03,0.07102117,66954.37,0.07467773,66947.73,0.07468512,66955.33,0.2987063,66946.79,0.11352177,66955.64,0.01045564,66946.78,0.14937236,66955.74,0.01045564,66945.46,0.01045564,66956.18,0.01045564,66945.02,0.01045564,66956.33,0.29873218,66944.92,0.01045564,66958.53,0.1622814,66944.26,3.11e-06
2024-05-17 19:45:11,66950.2,0.0439539,66950.19,0.06724589,66954.32,0.45409691,66950.17,0.05995734,66954.33,0.3088742,66948.01,0.07468481,66954.57,0.0746775,66946.79,0.0985853,66954.61,0.05591292,66946.78,0.16430883,66955.33,0.2987063,66945.46,0.01045564,66955.64,0.01045564,66945.02,0.01045564,66955.74,0.01045564,66944.92,0.01045564,66956.08,0.14935165,66944.26,3.11e-06,66956.18,0.01045564,66943.49,0.2240696
2024-05-17 19:45:14,66950.2,0.04450294,66950.19,0.06669029,66954.32,0.45409691,66950.17,0.05995734,66954.33,0.2988742,66949.69,0.07169508,66954.57,0.0746775,66948.01,0.07468481,66954.61,0.05591292,66946.79,0.11352177,66955.33,0.2987063,66946.78,0.14937236,66955.64,0.01045564,66945.46,0.01045564,66955.74,0.01045564,66945.02,0.01045564,66956.08,0.14935165,66944.92,0.01045564,66956.18,0.01045564,66944.26,3.11e-06
2024-05-17 19:45:18,66950.2,0.06485657,66950.19,0.06122825,66953.21,0.08961548,66950.17,0.05995734,66953.22,0.01,66949.36,0.07199619,66953.69,0.01045595,66946.79,0.01493647,66953.79,0.01045595,66946.78,0.07468618,66954.24,0.01045595,66944.6,0.09590183,66954.33,0.29873218,66944.59,0.14937725,66954.61,0.05591292,66944.26,3.11e-06,66955.32,0.17923937,66943.51,0.01045595,66955.33,0.2987063,66943.07,0.01045595
2024-05-17 19:45:23,66950.2,0.18043095,66950.19,0.05569876,66950.92,0.01045638,66950.17,0.05995734,66951.03,0.01045638,66947.8,0.07321502,66951.47,0.01045638,66946.78,0.01493648,66951.91,0.0448083,66945.45,0.07468767,66951.92,0.07468046,66944.6,0.08962829,66953.86,0.1493566,66944.59,0.14937725,66954.33,0.31366866,66944.26,3.11e-06,66954.61,0.05591292,66942.84,0.24497906,66955.32,0.17923937,66942.83,0.535
2024-05-17 19:45:26,66951.09,0.51898134,66951.08,0.05227632,66951.12,0.07468135,66950.2,0.69972134,66952.85,0.01045608,66950.17,0.05995734,66953.01,0.01045607,66947.81,0.01493628,66953.4,0.01045608,66944.41,0.05108876,66953.86,0.16429288,66944.4,0.07468884,66954.61,0.05591292,66944.26,3.11e-06,66955.32,0.17923937,66943.0,0.00074092,66955.33,0.2987063,66942.83,0.535,66955.82,0.06,66942.72,0.01045599
2024-05-17 19:45:30,66951.09,0.51577545,66951.08,0.03468093,66951.12,0.07468135,66950.2,0.69972134,66951.68,0.14936147,66950.17,0.05995734,66952.4,0.01045615,66947.25,0.0883879,66952.51,0.01045615,66944.26,3.11e-06,66952.95,0.01045615,66943.84,0.04481376,66953.94,0.0149363,66943.83,0.07468947,66954.61,0.05591292,66943.0,0.00074092,66955.32,0.17923937,66942.83,0.535,66955.33,0.2987063,66942.38,0.14938218
2024-05-17 19:45:33,66951.09,0.51678045,66951.08,0.03334094,66951.12,0.07468135,66950.2,0.69972134,66951.68,0.14936147,66950.17,0.05995734,66952.4,0.01045615,66947.25,0.0883879,66952.51,0.01045615,66944.26,3.11e-06,66952.95,0.01045615,66943.13,0.04481421,66954.61,0.07084922,66943.12,0.07469026,66955.32,0.17923937,66943.0,0.00074092,66955.33,0.2987063,66942.83,0.535,66955.82,0.06,66942.38,0.14938218
2024-05-17 19:45:38,66962.72,0.00154944,66962.71,0.10687421,66963.91,0.07466708,66961.05,0.00452102,66964.89,0.08959919,66961.04,0.041644,66964.9,0.14933197,66960.73,0.01493355,66966.32,0.01493356,66960.72,0.072,66968.51,0.04298704,66959.4,0.04298704,66969.0,0.22398424,66956.89,0.11805153,66969.01,0.37330704,66956.74,0.19675252,66969.95,2.235e-05,66956.72,0.09495212,66969.99,0.01,66955.14,0.12301474
2024-05-17 19:45:41,66963.84,0.0015159,66963.83,0.04300252,66964.97,5.226e-05,66962.22,0.00203105,66964.98,0.0628926,66962.21,0.01045303,66964.99,0.07466588,66961.77,0.01045303,66967.16,0.08959619,66961.74,0.04320004,66967.17,0.1493269,66961.67,0.01493331,66968.17,0.01493331,66961.66,0.01045303,66968.18,0.04298704,66960.72,0.072,66968.99,0.01,66959.4,0.04298704,66970.0,0.10860668,66957.73,0.11551816
2024-05-17 19:45:44,67000.23,0.00723977,67000.22,0.2044599,67001.51,0.2239,66995.87,0.00195222,67004.93,0.04137423,66995.42,0.0149252,67004.94,0.04298704,66995.41,0.01044776,67005.6,0.01044776,66995.15,0.04298704,67005.7,0.01044776,66994.96,0.01044776,67006.14,0.01044776,66994.86,0.10539988,67007.36,0.00016712,66994.14,0.19253022,67009.15,0.07461667,66994.13,0.0746334,67011.13,0.14922895,66993.93,0.21769018
2024-05-17 19:45:47,66981.18,0.0015159,66981.17,0.84244964,66985.8,0.06202863,66980.01,0.00016712,66988.89,0.04298704,66980.0,0.13101681,66993.68,0.00016712,66979.4,0.22389287,66995.8,0.01044919,66979.39,0.09033,66996.11,0.01044916,66979.34,0.04298704,66996.56,0.01044916,66977.13,0.21346481,66997.43,0.04964803,66976.52,0.00746715,66997.44,0.08,66975.65,0.19562239,66998.58,2.234e-05,66974.19,0.09728509
2024-05-17 19:45:50,66981.18,0.00048101,66981.17,0.75404812,66988.88,0.025,66980.01,0.00016712,66988.89,0.04231891,66980.0,0.13101681,66989.37,0.036,66979.4,0.22389287,66989.38,0.06,66979.39,0.09033,66993.68,0.00016712,66979.34,0.04298704,66993.81,0.0104495,66977.13,0.21346481,66993.91,0.0104495,66976.52,0.00746715,66994.35,0.0104495,66975.66,0.2765202,66997.43,0.04800006,66975.65,0.19562239
2024-05-17 19:45:54,66981.18,0.00042991,66981.17,0.64869865,66982.12,0.04298704,66980.01,0.00016712,66988.95,0.00099482,66980.0,0.13101681,66988.96,0.03481051,66976.53,0.01492944,66988.97,0.01045026,66976.52,0.00746715,66989.08,0.01045026,66976.02,0.09031,66989.52,0.01045026,66974.64,0.26747237,66990.97,0.1791406,66974.63,0.74655129,66990.98,0.29856762,66973.76,0.09713364,66991.99,0.29856762,66973.64,0.02
2024-05-17 19:45:57,66981.18,0.0011521,66981.17,0.66471591,66984.67,0.04298704,66980.5,0.01044999,66989.29,0.01,66980.06,0.01044999,66991.33,0.01044989,66980.01,0.00016712,66991.43,0.01044989,66980.0,0.13101681,66991.88,0.01044989,66979.95,0.01044999,66993.68,0.00016712,66976.53,0.01492933,66994.11,0.20089662,66976.52,0.00746715,66994.12,0.19818608,66975.92,0.04298704,66994.13,0.08,66975.07,0.08989809
2024-05-17 19:45:59,66981.18,0.0011521,66981.17,0.66474572,66986.14,0.02579228,66980.65,0.01044997,66986.15,0.04298704,66980.2,0.01044997,66990.76,0.01044998,66980.1,0.01044997,66990.87,0.01044998,66980.01,0.00016712,66991.31,0.01044998,66980.0,0.13101681,66993.68,0.00016712,66976.53,0.01492933,66994.11,0.11891172,66976.52,0.00746715,66994.12,0.19818608,66975.92,0.04298704,66994.13,0.08,66974.7,0.090303
2024-05-17 19:46:02,66980.02,0.00150994,66980.01,0.14189832,66981.17,0.03207269,66979.62,0.37324781,66981.18,0.0209958,66978.05,0.05705572,66981.79,0.04298704,66976.15,0.02538034,66987.19,0.01045054,66975.7,0.01045067,66987.29,0.01045054,66975.6,0.01045067,66987.74,0.01045054,66973.08,0.04298704,66991.41,0.00146417,66972.69,0.090301,66991.42,0.04478188,66972.11,0.25742431,66991.43,0.07463641,66971.15,0.26399747
2024-05-17 19:46:05,66980.02,0.0246577,66980.01,0.31899679,66981.17,0.03207269,66979.27,0.01045018,66981.18,0.0209958,66978.83,0.01045018,66981.79,0.04298704,66978.72,0.01045018,66989.45,0.01045018,66978.05,0.05705572,66989.48,0.04478323,66976.57,0.37326481,66989.49,0.07463858,66975.44,0.07229971,66989.55,0.01045018,66972.2,0.01492977,66990.0,0.01045018,66972.19,0.04298704,66990.57,0.1257504,66972.11,0.25742431
2024-05-17 19:46:08,66980.02,0.03133592,66980.01,0.30684749,66981.17,0.03838978,66978.05,0.05705572,66981.18,0.0209958,66976.57,0.37326481,66981.79,0.04298704,66976.38,0.01045063,66986.83,0.01045059,66975.94,0.01045063,66986.93,0.01045059,66975.84,0.01045063,66987.39,0.01045059,66975.45,0.01492979,66988.79,0.04478364,66975.44,0.07229971,66988.8,0.07463935,66972.57,0.04298704,66990.29,0.12575041,66972.11,0.25742431
2024-05-17 19:46:11,66980.02,0.02376425,66980.01,0.30654889,66981.18,0.02250071,66978.05,0.05705572,66984.87,0.00146417,66977.19,0.37326138,66984.88,0.03579223,66975.44,0.07229971,66984.89,0.04298704,66974.5,0.05791681,66988.41,0.01045035,66972.11,0.25742431,66988.51,0.01045035,66971.6,0.09402294,66988.95,0.01045035,66971.28,0.090303,66990.29,0.12575041,66971.13,0.09495212,66990.3,0.1947269,66969.78,0.26400287
2024-05-17 19:46:15,66980.02,0.01972186,66980.01,0.3094633,66981.18,0.02250071,66978.18,0.01045035,66984.88,0.03579223,66978.05,0.05705572,66984.89,0.04298704,66977.73,0.01045035,66988.41,0.01045035,66977.63,0.01045035,66988.51,0.01045035,66977.19,0.37326138,66988.95,0.01045035,66975.45,0.01492975,66989.29,0.04478335,66975.44,0.07229971,66989.3,0.07463878,66974.5,0.04298704,66990.29,0.12575041,66972.43,0.05033584
2024-05-17 19:46:18,66980.02,0.01962599,66980.01,0.3094633,66981.18,0.02250071,66978.05,0.05705572,66984.88,0.03579223,66977.19,0.37326138,66984.89,0.04298704,66976.68,0.01045059,66986.86,0.01045059,66976.23,0.01045059,66986.96,0.01045059,66976.14,0.01492973,66987.4,0.01045059,66976.13,0.01045059,66989.29,0.04478335,66975.44,0.07229971,66989.3,0.07463878,66974.5,0.04298704,66990.29,0.12575041,66972.43,0.05033584
2024-05-17 19:46:21,66980.02,0.017855,66980.01,0.30945133,66981.18,0.02250071,66978.05,0.05705572,66983.32,0.02579229,66977.19,0.37326138,66983.33,0.04298704,66975.71,0.01045074,66986.84,0.1791559,66975.44,0.07229971,66986.85,0.29859303,66975.26,0.02538047,66986.86,0.01045059,66975.16,0.01045074,66986.96,0.01045059,66972.86,0.04298704,66987.4,0.01045059,66972.43,0.05033584,66987.86,0.29859303,66972.11,0.25742431
2024-05-17 19:46:24,66980.02,0.01500642,66980.01,0.30561495,66981.18,0.02250071,66979.15,0.0104502,66983.32,0.02579229,66978.71,0.0104502,66983.33,0.04298704,66978.61,0.0104502,66988.08,0.0104504,66978.05,0.05705572,66988.18,0.0104504,66977.19,0.37326138,66988.62,0.0104504,66975.44,0.07229971,66989.54,0.04478314,66975.26,0.01492973,66989.55,0.0746385,66972.86,0.04298704,66990.29,0.12575041,66972.43,0.05033584
2024-05-17 19:46:24,66980.02,0.01500642,66980.01,0.30576425,66981.18,0.02250071,66979.15,0.0104502,66983.32,0.02579229,66978.71,0.0104502,66983.33,0.04298704,66978.61,0.0104502,66989.49,0.01045018,66978.05,0.05705572,66989.54,0.04478314,66977.19,0.37326138,66989.55,0.0746385,66975.44,0.07229971,66989.59,0.01045018,66975.26,0.01492973,66990.04,0.01045018,66972.86,0.04298704,66990.29,0.12575041,66972.43,0.05033584
2024-05-17 19:46:27,66980.02,0.01226242,66980.01,0.30564477,66981.17,0.00164797,66979.54,0.01045014,66981.18,0.02250071,66979.1,0.01045014,66984.94,0.01,66978.94,0.01045015,66984.95,0.36153718,66978.05,0.05705572,66984.96,0.29859303,66977.19,0.37326138,66984.98,0.04298704,66975.44,0.07229971,66985.97,0.29859303,66975.26,0.05791677,66986.97,0.29859303,66972.45,0.27301656,66989.07,0.01045024,66972.44,0.21612874
2024-05-17 19:46:30,66980.02,0.0145962,66980.01,0.16019485,66981.18,0.0154706,66978.05,0.05705572,66982.52,0.02579231,66977.19,0.37326138,66982.53,0.04298704,66976.73,0.01045058,66987.75,0.01045045,66976.29,0.01045058,66987.85,0.01045045,66976.18,0.01045058,66988.3,0.01045045,66975.84,0.01492972,66988.67,0.04478377,66975.83,0.05436699,66988.68,0.07463948,66975.44,0.07229971,66990.29,0.12575041,66973.74,0.04298704
2024-05-17 19:46:33,66981.15,0.01229215,66980.87,0.0015159,66982.52,2.235e-05,66980.01,0.00667205,66983.32,0.02579222,66978.05,0.05705572,66983.33,0.04298704,66977.19,0.37326138,66986.41,0.01045066,66976.73,0.01045058,66986.51,0.01045066,66976.29,0.01045058,66986.96,0.01045066,66976.18,0.01045058,66988.67,0.04478373,66975.84,0.01492971,66988.68,0.07463948,66975.83,0.05436699,66990.29,0.12575043,66975.44,0.07229971
2024-05-17 19:46:36,66983.23,0.016125,66982.96,0.02432782,66983.38,0.04298704,66982.95,0.07464585,66986.16,0.0104507,66980.89,2.982e-05,66986.27,0.0104507,66980.35,0.14929751,66986.32,0.20923768,66980.02,0.05,66986.33,0.01,66980.01,0.00664223,66986.38,0.29859303,66978.06,0.01492913,66986.71,0.0104507,66978.05,0.05705572,66987.41,0.29859303,66977.19,0.37326138,66988.34,0.06,66976.6,0.0104506
2024-05-17 19:46:38,66983.23,0.00904454,66982.96,0.02432782,66983.38,0.04298704,66982.95,0.07464585,66986.16,0.0104507,66980.89,2.982e-05,66986.27,0.0104507,66980.35,0.14929751,66986.32,0.20923768,66980.02,0.05,66986.33,0.01,66980.01,0.00664223,66986.38,0.29859303,66978.06,0.01492913,66986.71,0.0104507,66978.05,0.05705572,66987.41,0.29859303,66977.19,0.37326138,66988.34,0.06,66976.6,0.0104506
2024-05-17 19:46:41,66983.19,0.00976914,66982.98,0.05354572,66983.22,2.235e-05,66982.95,0.07464585,66983.38,0.04298704,66980.35,0.14929751,66986.15,0.31441729,66980.02,0.05,66986.16,0.0104507,66980.01,0.00664223,66986.27,0.0104507,66978.06,0.01492913,66986.37,0.19453435,66978.05,0.05705572,66986.38,0.29859303,66977.19,0.37326138,66986.71,0.0104507,66976.6,0.0104506,66987.41,0.29859303,66976.18,0.01045059
2024-05-17 19:46:44,66974.62,0.01862879,66974.61,0.55036311,66977.54,0.04298704,66973.43,0.01045109,66981.43,0.00082399,66972.98,0.01045109,66982.93,0.11602355,66972.88,0.01045109,66982.94,0.1933725,66972.5,0.523,66982.99,5.225e-05,66972.4,0.37328808,66983.07,0.07464573,66969.52,0.1,66983.51,0.01045111,66968.02,0.04298704,66983.6,0.01045111,66967.01,0.09897211,66984.05,0.01045111,66966.07,2.239e-05
2024-05-17 19:46:47,66974.62,0.00863783,66974.61,0.49882799,66977.52,0.00064018,66972.5,0.523,66977.53,0.02579229,66971.01,0.01045147,66977.54,0.04298704,66970.59,0.01493084,66980.75,0.17915584,66970.56,0.01045147,66980.76,0.29859303,66970.43,0.01045148,66981.16,0.01045148,66969.54,0.37330399,66981.29,0.01045147,66969.52,0.1,66981.34,0.07464765,66968.02,0.04298704,66981.71,0.01045148,66966.48,0.09181826
2024-05-17 19:46:50,66974.62,0.00733793,66974.61,0.49762157,66976.11,0.04298704,66972.5,0.523,66980.41,0.01045159,66970.13,0.01045161,66980.51,0.01045159,66969.69,0.01045161,66980.75,0.34219887,66969.58,0.01045161,66980.76,0.29859303,66969.54,0.38823489,66980.95,0.01045159,66967.97,0.04298704,66981.51,0.29861086,66966.6,0.09870559,66981.91,0.07464702,66966.07,2.239e-05,66982.94,0.1933725,66965.53,0.089443
2024-05-17 19:46:53,66974.62,0.09674972,66974.61,0.20353935,66975.5,0.02579226,66974.07,0.0719126,66975.51,0.04298704,66973.64,0.07465623,66978.58,0.01045188,66972.5,0.523,66978.69,0.01045188,66970.3,0.14931991,66979.11,0.01045188,66969.15,0.01493103,66979.6,0.04478977,66968.16,0.01045192,66979.61,0.07464959,66967.72,0.01045191,66980.2,0.00016712,66967.62,0.01045192,66980.6,0.06,66967.32,0.04298704
2024-05-17 19:46:56,66974.62,0.00538587,66974.61,0.20241217,66977.33,0.02579231,66974.4,0.07465538,66977.34,0.04298704,66974.07,0.0719126,66979.12,0.01045179,66972.5,0.523,66979.22,0.01045179,66972.47,0.14931507,66979.67,0.01045179,66970.31,0.01493099,66980.2,0.00016712,66968.94,0.01045179,66980.34,0.07464877,66968.5,0.01045179,66980.6,0.06,66968.4,0.01045179,66980.75,0.17915584,66967.32,0.04298704
2024-05-17 19:47:00,66974.62,0.04515971,66974.61,0.20241217,66977.33,0.02579231,66974.4,0.07465538,66977.34,0.04298704,66974.07,0.0719126,66979.12,0.01045179,66972.5,0.523,66979.22,0.01045179,66972.47,0.14931507,66979.67,0.01045179,66969.21,0.01045175,66980.2,0.00016712,66968.95,0.01493088,66980.6,0.06,66968.77,0.01045175,66980.75,0.17915584,66968.66,0.01045175,66980.76,0.29859303,66967.32,0.04298704
2024-05-17 19:47:03,66974.62,0.0421502,66974.61,0.20241217,66975.52,0.02579228,66974.4,0.07465538,66975.53,0.04298704,66974.07,0.0719126,66976.89,0.01045214,66972.5,0.523,66977.0,0.01045214,66972.47,0.14931507,66977.54,0.01045213,66969.3,0.37330535,66980.2,0.00016712,66968.95,0.01493088,66980.6,0.06,66966.81,0.01045213,66980.75,0.17915584,66966.37,0.01045213,66980.76,0.29859303,66966.27,0.01045213
2024-05-17 19:47:05,66974.62,0.05906818,66974.61,0.19699976,66975.52,0.02579228,66974.4,0.07465538,66975.53,0.04298704,66974.07,0.0719126,66976.89,0.01045214,66972.5,0.523,66977.0,0.01045214,66972.47,0.14931507,66977.54,0.01045213,66969.3,0.37330535,66980.2,0.00016712,66968.95,0.01493088,66980.6,0.06,66966.81,0.01045213,66980.75,0.17915584,66966.37,0.01045213,66980.76,0.29859303,66966.27,0.01045213
2024-05-17 19:47:08,66974.62,0.12334397,66974.61,0.19699976,66975.52,0.02579227,66974.4,0.07465538,66975.53,0.04298704,66974.07,0.0719126,66976.99,0.01045213,66972.54,0.14931492,66977.09,0.01045213,66972.5,0.523,66977.54,0.01045213,66969.3,0.37330535,66980.2,0.00016712,66968.95,0.01493088,66980.59,0.11540544,66966.75,0.01045214,66980.6,0.07,66966.31,0.01045214,66980.66,0.07464841,66966.21,0.01045214
2024-05-17 19:47:11,66969.29,0.0035659,66969.28,0.22183809,66970.64,0.02549151,66966.57,0.37332058,66970.65,0.04298704,66964.12,0.11493212,66974.01,0.00082399,66963.84,0.00016712,66974.02,0.01045267,66963.31,0.2,66974.16,0.05778756,66963.3,0.01045267,66974.61,2.235e-05,66962.86,0.01045267,66974.62,0.0012604,66962.75,0.01045267,66974.72,0.01045248,66961.99,0.25742431,66974.83,0.01045248,66961.52,0.718
2024-05-17 19:47:14,66970.62,0.06059461,66970.61,0.25049474,66970.65,0.00346665,66969.28,0.05564161,66974.61,2.235e-05,66966.57,0.37332058,66974.62,0.0012604,66965.81,0.08719429,66974.72,0.01045248,66964.15,0.01045246,66974.78,0.01045256,66964.12,0.1,66974.83,0.01045248,66964.06,0.01045256,66977.33,0.07180365,66963.84,0.00016712,66978.91,0.22915913,66963.62,0.01045256,66978.92,0.40559797,66963.31,0.2
2024-05-17 19:47:17,66970.62,0.14382646,66970.61,0.0015159,66970.64,5.226e-05,66969.41,0.07466094,66970.65,0.00346665,66967.04,0.14932718,66970.91,0.01045316,66965.81,0.07226237,66974.62,0.0012604,66964.12,0.11493192,66974.71,0.03979947,66963.84,0.00016712,66974.72,0.06587993,66963.05,0.37334018,66975.83,0.0746538,66961.99,0.25742431,66977.32,0.29863137,66961.52,0.718,66977.37,0.07097078,66961.0,0.01045303
2024-05-17 19:47:20,66970.62,0.10779651,66970.61,0.06860548,66970.64,5.226e-05,66969.41,0.07466094,66970.65,0.00346665,66969.03,0.05623059,66973.77,0.01045263,66967.04,0.14932718,66973.96,0.01045263,66965.81,0.08719429,66974.31,0.01045263,66964.12,0.1,66974.62,0.0012604,66963.84,0.00016712,66974.71,0.03979947,66963.34,0.01045258,66974.72,0.06587993,66963.05,0.37334018,66975.83,0.0746538,66962.78,0.01045276
2024-05-17 19:47:23,66970.62,0.10708787,66970.61,0.06858925,66970.65,0.00346665,66969.41,0.07466094,66973.77,0.01045263,66969.03,0.05623059,66973.96,0.01045263,66967.04,0.14932718,66974.31,0.01045263,66965.81,0.08719429,66974.62,0.0012604,66963.84,0.00016712,66974.71,0.03979947,66963.34,0.01045258,66974.72,0.06587993,66963.05,0.37334018,66975.83,0.0746538,66962.78,0.01045276,66977.32,0.29863137,66962.41,0.01045276
2024-05-17 19:47:26,66970.62,0.119708,66970.61,0.06829823,66970.65,0.00346665,66970.3,0.07465995,66971.55,0.010453,66969.03,0.05623059,66971.99,0.01045291,66967.04,0.14932718,66972.54,0.01045291,66965.81,0.08719429,66974.62,0.0012604,66963.84,0.00016712,66974.71,0.03979947,66963.05,0.37334018,66974.72,0.05587993,66961.99,0.25742431,66975.83,0.0746538,66961.52,0.718,66977.32,0.29863137,66961.13,0.01045301
2024-05-17 19:47:30,66969.04,0.1208887,66969.03,0.0535159,66970.62,0.00026208,66968.09,0.05685478,66970.89,0.01045308,66967.24,0.07466337,66971.07,0.01045308,66965.81,0.07226237,66971.44,0.01045308,66965.06,0.14933159,66973.03,0.17918367,66963.84,0.00016712,66973.04,0.2986394,66963.06,0.01493247,66973.14,0.0746568,66963.05,0.37334018,66974.62,0.0012604,66961.52,0.718,66974.71,0.08958509,66960.71,0.01045308
2024-05-17 19:47:32,66969.04,0.1208887,66969.03,0.05344108,66970.62,0.00026208,66968.09,0.05685478,66970.89,0.01045308,66967.98,0.07466254,66971.07,0.01045308,66965.81,0.07226237,66971.44,0.01045308,66965.06,0.14933159,66973.03,0.17918367,66963.84,0.00016712,66973.04,0.2986394,66963.06,0.01493247,66973.86,0.07465599,66963.05,0.37334018,66974.62,0.0012604,66961.52,0.718,66974.71,0.08958512,66960.71,0.01045308
2024-05-17 19:47:35,66969.04,0.13603069,66969.03,0.0491413,66970.62,0.00015,66968.09,0.05685478,66970.89,0.01045308,66967.23,0.07466337,66971.07,0.01045308,66965.81,0.07226237,66971.44,0.01045308,66965.06,0.14933159,66971.87,0.06,66963.84,0.00016712,66973.03,0.17918367,66963.06,0.01493247,66973.04,0.2986394,66963.05,0.37334018,66973.33,0.07465658,66961.52,0.718,66974.62,0.0012604,66960.71,0.01045308
2024-05-17 19:47:39,66961.59,0.1642177,66961.58,0.09760893,66963.84,0.00017191,66960.94,0.07467039,66965.71,0.01045389,66960.32,0.14934216,66965.89,0.01045389,66960.12,0.1,66966.33,0.01045388,66956.87,0.01493312,66967.21,0.07466341,66956.54,0.37337651,66967.9,0.17968319,66955.56,0.01045388,66968.09,0.29864787,66955.17,0.01045389,66968.33,0.29866616,66955.01,0.01045388,66970.62,0.00015,66951.75,0.09659353
2024-05-17 19:47:42,66961.59,0.05973594,66961.58,0.08277882,66963.84,0.00017191,66960.94,0.07467039,66963.94,0.03600004,66960.32,0.14934216,66963.95,0.06,66960.12,0.1,66966.73,0.00016712,66956.73,0.01493394,66967.2,0.04479808,66956.54,0.37337651,66967.21,0.07466341,66952.61,0.2126231,66969.72,0.01045326,66952.6,0.19835231,66970.01,0.08959102,66952.18,0.09778182,66970.28,0.01045326,66952.07,0.04298704
2024-05-17 19:47:45,66961.59,0.01687294,66961.58,0.0851368,66963.16,0.03600002,66960.94,0.07467039,66963.17,0.04298704,66960.32,0.14934216,66963.95,0.06,66960.12,0.1,66966.73,0.00016712,66958.31,0.01045345,66967.21,0.07466341,66957.95,0.01045345,66968.36,0.01045347,66957.76,0.01045345,66968.72,0.17920485,66956.54,0.38831034,66968.73,0.29867463,66953.98,0.04298704,66968.79,0.01045343,66952.61,0.2126231
2024-05-17 19:47:48,66961.59,0.02413637,66961.58,0.0851368,66963.16,0.03600002,66960.94,0.07467039,66963.95,0.06,66960.32,0.14934216,66964.6,0.04298704,66960.12,0.1,66966.73,0.00016712,66958.31,0.01045345,66967.21,0.07466341,66957.95,0.01045345,66968.36,0.01045347,66957.76,0.01045345,66968.72,0.17920485,66956.54,0.38831034,66968.73,0.29867463,66953.98,0.04298704,66968.77,0.01045344,66952.61,0.2126231
2024-05-17 19:47:50,66961.59,0.02413637,66961.58,0.0851368,66963.09,0.04298704,66960.12,0.1,66963.16,0.03600002,66957.31,0.14934886,66963.95,0.06,66953.98,0.05792089,66964.04,0.01045415,66953.16,0.37339536,66964.22,0.01045415,66952.61,0.2126231,66964.59,0.01045415,66952.6,0.19835231,66966.73,0.00016712,66952.23,0.09665865,66968.11,0.14932481,66951.28,0.26054206,66968.72,0.17920485,66951.27,0.764
2024-05-17 19:47:53,66961.59,0.0460789,66961.58,0.08186938,66961.61,0.04298704,66960.12,0.1,66963.16,0.03600002,66959.85,0.0746716,66963.95,0.06,66957.31,0.14934886,66966.06,0.01045383,66955.89,0.01493394,66966.17,0.07466457,66953.16,0.37339536,66966.25,0.01045383,66952.61,0.2126231,66966.61,0.01045383,66952.6,0.19835231,66966.73,0.00016712,66951.91,0.04298704,66968.11,0.14932481,66951.72,0.0943028
2024-05-17 19:47:56,66961.59,0.06210278,66961.58,0.08164384,66961.61,0.04298704,66960.34,0.07467105,66963.16,0.04143012,66960.12,0.1,66963.95,0.06,66957.31,0.1642828,66966.06,0.01045383,66955.08,0.01045396,66966.25,0.01045383,66954.71,0.01045396,66966.61,0.01045383,66954.53,0.01045396,66966.73,0.00016712,66953.16,0.37339536,66966.86,0.07466379,66952.61,0.2126231,66968.11,0.14932481,66952.6,0.19835231
2024-05-17 19:47:59,66961.59,0.042818,66961.58,0.08164384,66961.61,0.04298704,66961.1,0.07467021,66963.16,0.04143012,66958.14,0.01045348,66963.95,0.06,66957.76,0.01045348,66966.73,0.00016712,66957.58,0.01045348,66966.86,0.07466379,66957.31,0.14934886,66968.0,0.01045353,66956.79,0.01493394,66968.11,0.14932481,66953.16,0.37339536,66968.18,0.01045353,66952.61,0.2126231,66968.55,0.01045353,66952.6,0.19835231
2024-05-17 19:48:02,66961.59,0.05748042,66961.58,0.07750424,66961.61,0.04298704,66961.1,0.07467021,66963.16,0.04143012,66957.31,0.1642828,66963.95,0.06,66955.52,0.01045389,66965.62,0.0104539,66955.15,0.01045389,66965.8,0.0104539,66954.97,0.01045389,66966.16,0.0104539,66953.16,0.37339536,66966.73,0.00016712,66951.71,0.09997174,66966.86,0.07466379,66951.6,0.26054082,66968.11,0.14932481,66951.27,0.764
2024-05-17 19:48:05,66960.45,0.01045471,66957.02,0.14934951,66960.64,0.01045471,66956.16,0.0015159,66961.0,0.01045471,66954.53,0.37338768,66961.58,0.02564018,66951.28,0.2,66961.59,0.42145236,66951.27,0.764,66962.0,1.0,66951.09,0.1,66964.09,0.29867463,66950.22,0.00016712,66965.89,0.04479898,66950.19,0.01045472,66965.9,0.07466486,66950.17,0.05804996,66966.73,0.00016712,66950.0,0.00180722
2024-05-17 19:48:09,66955.13,0.10205523,66955.12,0.0015159,66957.16,0.015,66951.27,0.764,66958.43,0.00069513,66951.09,0.1,66958.44,0.04480394,66950.22,0.00016712,66958.45,0.07467318,66950.17,0.05804996,66958.62,0.00082399,66950.0,0.00180722,66958.63,0.01045499,66949.14,0.02539068,66958.82,0.01045499,66948.78,0.01045489,66959.18,0.01045499,66948.6,0.01045489,66960.06,0.19104594,66947.25,0.0734516
2024-05-17 19:48:11,66955.13,0.11705523,66955.12,0.00477703,66958.43,0.00069513,66951.27,0.764,66958.44,0.05163821,66951.09,0.1,66958.45,0.07467318,66950.22,0.00016712,66958.63,0.01045499,66950.17,0.05804996,66958.82,0.01045499,66950.0,0.00180722,66959.18,0.01045499,66949.14,0.02539068,66960.05,0.21965022,66948.78,0.01045489,66960.06,0.19104594,66948.6,0.01045489,66961.05,0.14934056,66947.25,0.0734516
2024-05-17 19:48:14,66954.27,0.13477838,66954.26,0.0015159,66955.1,0.03600008,66951.09,0.1,66955.12,0.00082399,66950.22,0.00016712,66955.13,0.04309914,66950.17,0.05804996,66955.27,0.01045552,66950.15,0.07468242,66955.45,0.01045552,66950.0,0.00180722,66955.81,0.01045552,66947.83,0.01493583,66956.08,0.06,66947.82,0.14937005,66956.33,0.07467553,66947.25,0.0734516,66957.11,0.29870809,66945.97,2.239e-05
2024-05-17 19:48:18,66954.27,0.09713037,66954.26,0.07820252,66955.1,0.02579223,66951.09,0.1,66955.13,0.04298704,66950.75,0.07468175,66955.85,0.01045543,66950.22,0.00016712,66956.03,0.01045543,66950.17,0.05804996,66956.39,0.01045543,66950.0,0.00180722,66956.66,0.07467517,66949.84,0.01493557,66957.1,0.17922489,66947.82,0.14937005,66957.11,0.29870809,66947.25,0.0734516,66957.12,0.05755465,66946.71,0.01045527
2024-05-17 19:48:20,66954.27,0.09515273,66954.26,0.06926366,66955.12,0.02579227,66951.35,0.07468108,66955.13,0.04298704,66951.09,0.1,66956.07,0.01045539,66950.22,0.00016712,66956.26,0.01045539,66950.17,0.07298553,66956.62,0.01045539,66950.0,0.00180722,66957.1,0.17922489,66947.82,0.14937005,66957.11,0.29870809,66947.25,0.0734516,66957.12,0.05755465,66945.97,2.239e-05,66957.47,0.07467427,66945.52,0.37343793
2024-05-17 19:48:24,66954.27,0.6153178,66954.26,0.05303265,66954.99,0.43819715,66951.35,0.07468108,66955.0,1.0,66951.09,0.1,66955.13,0.04298704,66950.22,0.00016712,66957.1,0.17922485,66950.17,0.07298553,66957.11,0.29870809,66950.0,0.00180722,66957.12,0.05755465,66949.15,0.01045488,66957.47,0.07467427,66948.79,0.01045488,66958.59,0.14934604,66948.61,0.01045488,66958.63,0.01045499,66947.82,0.14937005
2024-05-17 19:48:27,66953.86,0.58521757,66953.85,0.02103939,66954.27,0.57035591,66951.35,0.03418967,66955.0,1.0,66951.09,0.1,66955.13,0.04298704,66950.22,0.00016712,66957.1,0.17922491,66950.17,0.05804996,66957.11,0.29870809,66950.0,0.00180722,66957.12,0.05755465,66948.62,0.01493594,66957.47,0.07467427,66947.82,0.14937005,66958.59,0.14934604,66947.81,0.01045509,66958.63,0.01045499,66947.45,0.01045509
2024-05-17 19:48:30,66953.86,0.17005947,66953.85,0.10910981,66954.99,0.41095868,66951.7,0.14936139,66955.0,1.0,66951.09,0.1,66955.13,0.04298704,66950.22,0.00016712,66957.11,0.03453282,66950.17,0.07298562,66957.12,0.05755465,66950.0,0.00180722,66959.65,0.01045483,66949.76,0.01045479,66959.91,0.01045482,66949.19,0.01045482,66960.2,0.07467123,66948.94,0.01045483,66960.27,0.01045482,66947.25,0.0734516
2024-05-17 19:48:33,66953.86,0.17005947,66953.85,0.10410981,66954.99,0.41095868,66951.7,0.14936139,66955.0,1.0,66950.22,0.00016712,66955.13,0.04298704,66950.17,0.07298562,66955.94,0.01045541,66950.0,0.00180722,66956.3,0.01045538,66948.73,0.37342002,66956.49,0.01045541,66947.25,0.0734516,66957.11,0.03453282,66946.05,0.01045537,66957.12,0.05755465,66945.97,2.239e-05,66960.3,0.07068614,66945.7,0.00028955
2024-05-17 19:48:36,66953.86,0.6179257,66953.85,0.10410981,66954.27,0.4561126,66951.7,0.14936139,66954.48,0.01045564,66950.22,0.00016712,66954.76,0.01045563,66950.17,0.07298562,66954.99,0.41095868,66950.0,0.00180722,66955.0,1.01045565,66948.73,0.37342002,66955.13,0.04298704,66947.25,0.0734516,66957.11,0.03453282,66945.97,2.239e-05,66957.12,0.05755465,66945.7,0.00028955,66959.71,0.07467177,66944.46,0.01045562
2024-05-17 19:48:39,66953.86,0.61754934,66953.85,0.04929886,66954.26,0.47988202,66953.78,0.07467837,66954.27,0.4561126,66951.7,0.14936139,66954.48,0.01045564,66950.22,0.00016712,66954.76,0.01045563,66950.17,0.07298562,66955.0,1.01045565,66950.0,0.00180722,66955.13,0.04298704,66948.73,0.37342002,66957.09,0.17923,66947.25,0.0734516,66957.1,0.29871656,66945.97,2.239e-05,66957.12,0.05755465,66945.7,0.00028955
2024-05-17 19:48:42,66951.71,0.71688009,66951.7,0.27994282,66953.14,0.01045585,66950.22,0.00016712,66953.37,0.01045584,66950.17,0.05804996,66953.66,0.01045585,66950.0,0.00180722,66953.86,0.43982098,66948.73,0.37342002,66954.27,0.4561126,66947.25,0.08838774,66955.0,1.0,66945.97,2.239e-05,66957.1,0.29871656,66944.32,0.02,66957.12,0.05755465,66944.26,3.11e-06,66958.1,0.17922997,66943.36,0.1
2024-05-17 19:48:47,66951.71,0.19429412,66951.7,0.24874676,66954.26,0.27366763,66950.22,0.00016712,66954.27,0.4561126,66950.17,0.05804996,66955.23,0.01045552,66950.0,0.00180722,66955.35,0.01045553,66948.73,0.37342002,66955.74,0.01045553,66947.25,0.08838774,66957.1,0.29871656,66945.97,2.239e-05,66957.12,0.05755465,66944.69,0.01045558,66958.1,0.17922997,66944.33,0.01045558,66958.11,0.29871656,66944.32,0.02
2024-05-17 19:48:50,66951.71,0.17562032,66951.7,0.24871824,66954.26,0.27366763,66950.22,0.00016712,66954.27,0.4561126,66950.17,0.05804996,66955.51,0.01045548,66950.0,0.00180722,66955.69,0.01045548,66947.25,0.08838774,66956.06,0.01045548,66945.98,0.37373875,66957.1,0.29871656,66945.97,2.239e-05,66957.12,0.05755465,66945.34,0.01045548,66958.1,0.17922997,66944.97,0.01045548,66958.11,0.29871656,66944.79,0.01045548
2024-05-17 19:48:54,66951.71,0.22003588,66951.7,0.09914572,66952.0,0.25,66950.22,0.00016712,66954.26,0.27366763,66950.17,0.05804996,66954.27,0.4561126,66950.0,0.00180722,66955.51,0.01045548,66949.58,0.14936613,66955.69,0.01045548,66947.25,0.08838774,66956.06,0.01045548,66945.98,0.37373875,66957.1,0.29871656,66945.97,2.239e-05,66957.12,0.05755465,66945.34,0.01045548,66958.1,0.17922997,66944.97,0.01045548
2024-05-17 19:48:57,66951.71,0.23379202,66951.7,0.09914572,66952.0,0.25,66950.22,0.00016712,66954.26,0.27366763,66950.17,0.05804996,66954.27,0.4561126,66950.0,0.00180722,66955.94,0.01045541,66949.58,0.14936613,66956.12,0.01045541,66947.25,0.08838774,66956.49,0.01045541,66945.98,0.37373875,66957.12,0.05755465,66945.97,2.239e-05,66958.1,0.04480397,66945.67,0.01045543,66958.47,0.07467315,66945.25,0.01045544
2024-05-17 19:49:00,66951.71,0.22761935,66951.7,0.09874828,66952.0,0.25,66950.22,0.00016712,66954.26,0.27366763,66950.17,0.05804996,66954.27,0.4561126,66950.0,0.00180722,66955.94,0.01045541,66949.58,0.14936613,66956.12,0.01045541,66947.25,0.08838774,66956.49,0.01045541,66945.98,0.37373875,66957.12,0.05755465,66945.97,2.239e-05,66958.1,0.04480397,66945.67,0.01045543,66958.47,0.07467315,66945.25,0.01045544
2024-05-17 19:49:03,66951.71,0.22726158,66951.7,0.09874828,66952.0,0.25,66950.22,0.00016712,66954.26,0.27366763,66950.17,0.05804996,66954.27,0.4561126,66950.0,0.00180722,66955.94,0.01045541,66949.58,0.14936613,66956.12,0.01045541,66947.25,0.08838774,66956.49,0.01045541,66945.98,0.37373875,66957.12,0.05755465,66945.97,2.239e-05,66958.1,0.04480397,66945.67,0.01045543,66958.47,0.07467315,66945.25,0.01045544
2024-05-17 19:49:06,66951.71,0.21571987,66951.7,0.08381214,66952.0,0.25,66950.22,0.00016712,66954.26,0.27366763,66950.17,0.05804996,66954.27,0.4561126,66950.0,0.00180722,66955.94,0.01045541,66949.58,0.14936613,66956.12,0.01045541,66947.25,0.08838774,66956.49,0.01045541,66945.98,0.37373875,66957.12,0.05755465,66945.97,2.239e-05,66958.1,0.04480397,66945.67,0.01045543,66958.47,0.07467315,66945.25,0.01045544
2024-05-17 19:49:08,66951.71,0.21564561,66951.7,0.08229846,66952.0,0.25,66950.22,0.00016712,66954.26,0.27366763,66950.17,0.05804996,66954.27,0.4561126,66950.0,0.00180722,66954.42,0.01045565,66949.58,0.14936613,66954.6,0.01045565,66947.25,0.08838774,66954.97,0.01045565,66945.98,0.37373875,66957.12,0.05755465,66945.97,2.239e-05,66957.81,0.07467389,66944.32,0.02,66960.3,0.07068614,66944.26,3.11e-06
2024-05-17 19:49:11,66951.71,0.10909868,66951.7,0.08169675,66952.0,0.25,66950.22,0.00016712,66953.0,0.04298704,66950.17,0.05804996,66954.26,0.27366763,66950.0,0.00180722,66954.27,0.4561126,66949.58,0.14936613,66956.33,0.01045535,66948.56,0.01493614,66956.41,0.2987246,66947.25,0.0734516,66956.42,0.06,66946.48,0.0104553,66956.52,0.01045535,66946.11,0.0104553,66956.88,0.01045535,66945.98,0.37373875
2024-05-17 19:49:14,66951.71,0.10708514,66951.7,0.08162207,66952.0,0.25,66950.22,0.00016712,66953.0,0.04298704,66950.17,0.05804996,66954.2,0.01045568,66950.0,0.00180722,66954.26,0.27366763,66949.53,0.14936622,66954.27,0.4561126,66947.25,0.08838774,66954.38,0.01045568,66945.98,0.37372963,66954.74,0.01045568,66944.32,0.02,66956.42,0.06,66944.26,3.11e-06,66957.11,0.04480399,66943.75,0.01045573
2024-05-17 19:49:18,66951.71,0.14945037,66951.7,0.11862207,66952.0,0.25,66950.22,0.00016712,66954.2,0.01045568,66950.17,0.05804996,66954.26,0.27366763,66950.0,0.00180722,66954.27,0.4561126,66949.53,0.14936622,66954.38,0.01045568,66947.25,0.08838774,66954.74,0.01045568,66945.98,0.37372963,66956.42,0.06,66944.32,0.02,66957.11,0.04480399,66944.26,3.11e-06,66957.12,0.05755465,66943.75,0.01045573
2024-05-17 19:49:21,66951.71,0.13667634,66951.7,0.1166174,66952.0,0.25,66950.22,0.00016712,66954.2,0.01045568,66950.17,0.05804996,66954.26,0.27366763,66950.0,0.00180722,66954.27,0.4561126,66949.53,0.14936622,66954.38,0.01045568,66947.25,0.08838774,66954.74,0.01045568,66945.98,0.37372963,66956.42,0.06,66944.32,0.02,66957.11,0.04480399,66944.26,3.11e-06,66957.12,0.05755465,66943.75,0.01045573
2024-05-17 19:49:24,66951.71,0.13186684,66951.7,0.11525313,66952.0,0.25,66950.22,0.00016712,66954.2,0.01045568,66950.17,0.05804996,66954.26,0.27366763,66950.0,0.00180722,66954.27,0.4561126,66949.53,0.16430236,66954.38,0.01045568,66947.25,0.0734516,66954.74,0.01045568,66945.98,0.37372963,66956.42,0.06,66944.32,0.02,66957.11,0.04480399,66944.26,3.11e-06,66957.12,0.05755465,66943.75,0.01045573
2024-05-17 19:49:27,66951.71,0.1829054,66951.7,0.0015159,66951.99,0.00082399,66947.25,0.0734516,66952.0,0.25,66945.98,0.38837199,66954.2,0.01045568,66944.32,0.02,66954.26,0.27366763,66944.26,3.11e-06,66954.27,0.4561126,66943.75,0.01045573,66954.38,0.01045568,66943.39,0.01045573,66954.74,0.01045568,66943.18,0.01045573,66956.41,0.2987246,66943.0,0.00074092,66956.42,0.06,66939.54,0.26635091
2024-05-17 19:49:30,66947.26,0.2846307,66947.25,0.13061238,66950.72,0.00082399,66945.36,0.01493713,66951.69,0.00016712,66945.35,0.14937556,66951.7,0.11179442,66944.26,3.11e-06,66951.71,0.00528825,66943.0,0.00074092,66952.0,0.25,66941.36,0.0104561,66954.26,0.27366761,66941.0,0.0104561,66954.27,0.4561126,66940.81,0.0104561,66956.1,0.1493516,66940.25,0.37346734,66956.4,0.27920846,66937.64,0.28635847
2024-05-17 19:49:33,66947.26,0.11948959,66947.25,0.1586904,66951.36,0.00064018,66947.21,0.0746857,66951.37,0.02339564,66945.35,0.14937556,66951.55,0.01045613,66944.26,3.11e-06,66951.67,0.17923476,66943.0,0.00074092,66951.68,0.2987246,66941.37,0.01493713,66951.69,0.00016712,66941.36,0.0104561,66951.71,0.00528825,66941.0,0.0104561,66951.91,0.01045613,66940.81,0.0104561,66952.0,0.25,66940.25,0.39346734
2024-05-17 19:49:36,66943.88,7.73e-05,66943.87,0.2815842,66945.4,0.02579222,66940.95,0.02539379,66945.41,0.04298704,66940.59,0.01045607,66947.25,0.01518434,66940.41,0.01045607,66951.32,0.07468112,66938.02,0.37347981,66951.48,0.01045602,66937.19,0.02,66951.66,0.01045602,66937.18,0.04697261,66951.67,0.17923476,66936.93,0.734,66951.68,0.2987246,66936.76,0.1,66951.69,0.00016712,66936.21,0.001866
2024-05-17 19:49:39,66943.88,7.73e-05,66943.87,0.28160762,66945.4,0.02579222,66940.95,0.01493772,66945.41,0.04298704,66939.53,0.01045629,66947.25,0.00024675,66939.17,0.01045629,66950.13,0.02539395,66938.98,0.01045629,66950.31,0.01045623,66938.02,0.37347981,66950.59,0.07468194,66937.19,0.02,66950.67,0.01045623,66937.18,0.17452018,66951.67,0.17923476,66936.93,0.734,66951.68,0.2987246,66936.76,0.1
2024-05-17 19:49:42,66942.82,6.72e-05,66942.81,0.0015159,66943.86,0.00064018,66938.38,0.04666964,66943.87,0.02650778,66938.37,0.38841635,66943.88,0.07294794,66938.36,0.01045639,66948.24,0.17924876,66938.0,0.01045639,66948.25,0.2987478,66937.82,0.01045639,66948.27,0.01045652,66937.19,0.02,66948.45,0.01045652,66937.18,0.12785054,66948.81,0.01045652,66936.93,0.734,66950.59,0.07468194,66936.76,0.1
2024-05-17 19:49:44,66942.82,0.17089996,66942.81,0.15920652,66943.88,0.0430094,66942.38,0.14938218,66944.97,0.01493812,66938.39,0.01493812,66947.99,0.01045647,66938.38,0.04666964,66948.17,0.01045647,66938.37,0.37347786,66948.53,0.01045647,66937.81,0.01045647,66950.59,0.07468194,66937.45,0.01045647,66951.67,0.17923476,66937.27,0.01045647,66951.69,0.00016712,66937.19,0.02,66951.71,0.00507143,66937.18,0.12785054
2024-05-17 19:49:47,66942.82,0.17095224,66942.81,0.11420652,66943.88,0.04298704,66940.37,0.01493812,66945.47,0.02150192,66940.36,0.14938669,66947.34,0.01045657,66938.37,0.37347786,66947.52,0.01045657,66937.34,0.01045655,66947.89,0.01045657,66937.19,0.02,66947.98,0.17924873,66937.18,0.12754757,66947.99,0.2987478,66936.98,0.01045655,66948.91,0.07468382,66936.8,0.01045655,66951.69,0.00016712,66936.76,0.1
2024-05-17 19:49:50,66942.82,0.17300069,66942.81,0.10651855,66943.88,0.04298704,66940.37,0.01493812,66945.47,0.01493812,66940.36,0.14938669,66947.98,0.17924873,66938.99,0.01045629,66947.99,0.2987478,66938.63,0.01045629,66949.1,0.0104563,66938.44,0.01045629,66949.29,0.0104563,66938.37,0.37347786,66949.65,0.0104563,66937.19,0.02,66950.21,0.07468237,66937.18,0.12754757,66951.69,0.00016712,66936.76,0.1
2024-05-17 19:49:53,66942.82,0.12829711,66942.81,0.25389979,66942.87,0.02579228,66939.12,0.01493812,66942.88,0.04298704,66939.02,0.01045628,66947.97,0.01493812,66938.47,0.01045628,66947.98,0.17924873,66938.37,0.37347786,66947.99,0.2987478,66938.05,0.01045638,66948.32,0.01045642,66937.19,0.02,66948.77,0.01045638,66937.18,0.12754757,66948.87,0.01045642,66936.76,0.1,66950.97,0.07468152,66936.21,0.001866
2024-05-17 19:49:56,66939.03,0.00050799,66939.02,0.64275425,66943.63,0.015,66938.22,0.01045641,66945.37,0.01496314,66937.87,0.01045641,66945.38,0.01493842,66937.62,0.04298704,66947.68,0.0357923,66937.18,0.12754757,66947.69,0.04298704,66936.76,0.1,66950.86,0.07468164,66936.21,0.001866,66951.44,0.01045593,66935.06,0.02,66951.62,0.01045593,66935.05,0.00016712,66951.64,0.15,66934.49,0.25742431
2024-05-17 19:50:00,66939.03,0.00148386,66939.02,0.64229839,66946.79,0.00144737,66938.25,0.0104564,66946.8,0.02993801,66937.9,0.0104564,66948.58,0.01,66937.71,0.0104564,66948.59,0.0188215,66937.64,0.00031029,66948.6,0.01045638,66937.18,0.12754757,66948.79,0.01045638,66936.88,0.04298704,66949.14,0.01045638,66936.76,0.1,66950.86,0.07468164,66936.21,0.001866,66951.64,0.15,66935.06,0.02
2024-05-17 19:50:03,66939.03,0.0015159,66939.02,0.64426739,66946.79,0.02212414,66938.25,0.0104564,66946.8,0.03687348,66937.92,0.04298704,66948.6,0.01045638,66937.9,0.0104564,66948.79,0.01045638,66937.71,0.0104564,66949.14,0.01045638,66937.64,0.00031029,66950.86,0.07468164,66937.18,0.12754757,66951.64,0.15,66936.21,0.001866,66951.69,0.00016712,66935.06,0.02,66951.71,0.00507143,66935.05,0.00016712
2024-05-17 19:50:06,66939.03,0.00140501,66939.02,0.64426739,66946.76,0.00082399,66937.64,0.00031029,66946.77,0.4224341,66937.18,0.12754757,66946.78,0.29876476,66936.36,0.0104567,66946.8,0.03687348,66936.21,0.001866,66946.82,0.01045665,66936.01,0.0104567,66947.35,0.01045665,66935.87,0.04298704,66947.45,0.01045658,66935.82,0.0104567,66947.79,0.29876476,66935.06,0.02,66948.02,0.04298704,66935.05,0.00016712
2024-05-17 19:50:09,66939.03,0.00140026,66939.02,0.64296446,66944.59,0.00082399,66937.64,0.00031029,66944.6,0.010457,66937.18,0.12754757,66944.78,0.010457,66936.21,0.001866,66945.13,0.010457,66935.05,0.00016712,66946.13,0.03579222,66934.49,0.25742431,66946.14,0.04298704,66934.41,0.010457,66946.77,0.17925887,66934.06,0.010457,66946.78,0.29876476,66933.88,0.010457,66946.8,0.03687348,66933.69,0.02
2024-05-17 19:50:11,66939.03,0.00066078,66939.02,0.64296446,66943.26,0.01045721,66937.64,0.00031029,66943.44,0.01045721,66937.18,0.12754757,66943.79,0.01045721,66936.21,0.001866,66946.13,0.03579222,66935.05,0.00016712,66946.14,0.04298704,66934.49,0.25742431,66946.77,0.17925887,66933.69,0.02,66946.78,0.29876476,66933.68,0.04298704,66946.8,0.03687348,66933.07,0.01045721,66947.79,0.29876476,66932.72,0.01045721
2024-05-17 19:50:14,66939.03,0.00130945,66939.02,0.66704901,66944.02,0.01045709,66937.18,0.12754757,66944.2,0.01045709,66936.21,0.001866,66944.55,0.01045709,66935.05,0.00016712,66945.34,0.01500007,66934.5,0.0003022,66945.35,0.025,66934.49,0.25742431,66946.77,0.17925887,66933.83,0.01045709,66946.78,0.29876476,66933.69,0.02,66946.8,0.03687348,66933.48,0.01045709,66947.79,0.29876476,66933.3,0.01045709
2024-05-17 19:50:17,66939.03,0.00133181,66939.02,0.66405709,66945.34,0.01500007,66937.18,0.12754757,66945.35,0.015,66936.32,0.0104567,66945.6,0.01045684,66936.21,0.001866,66945.79,0.02045684,66935.96,0.0104567,66946.77,0.17925887,66935.78,0.0104567,66946.78,0.29876476,66935.05,0.00016712,66946.8,0.03687348,66934.5,0.0003022,66947.04,0.0104567,66934.49,0.25742431,66947.79,0.29876476,66932.65,0.09047745
2024-05-17 19:50:20,66939.03,0.00125014,66939.02,0.45805709,66945.32,0.00087026,66937.18,0.12754757,66945.34,0.01500007,66936.32,0.0104567,66945.35,0.015,66936.21,0.001866,66945.6,0.01045684,66935.96,0.0104567,66945.79,0.02045684,66935.78,0.0104567,66946.77,0.0221241,66935.05,0.00016712,66946.8,0.03687348,66934.5,0.0003022,66947.04,0.0104567,66934.49,0.25742431,66950.3,0.07468226,66932.64,0.11967464
2024-05-17 19:50:23,66939.03,0.00156224,66939.02,0.68189187,66945.34,0.01500007,66937.18,0.12754757,66945.35,0.015,66936.35,0.0104567,66946.53,0.0104567,66936.21,0.001866,66946.55,0.02045672,66936.0,0.0104567,66946.75,0.17925888,66935.65,0.01045672,66946.76,0.29876476,66935.05,0.00016712,66946.8,0.03687348,66934.5,0.0003022,66947.11,0.01045669,66934.49,0.25742431,66947.77,0.29876476,66932.77,0.02
2024-05-17 19:50:26,66939.03,0.00123826,66939.02,0.68562328,66946.02,0.00087026,66937.18,0.12754757,66946.03,0.01045687,66936.21,0.001866,66946.21,0.01045687,66935.8,0.01045688,66946.57,0.01045687,66935.45,0.01045688,66946.72,0.01,66935.27,0.01045688,66946.73,0.38116405,66935.05,0.00016712,66946.74,0.29876476,66934.5,0.0003022,66946.8,0.03687348,66934.49,0.25742431,66947.77,0.29876476,66932.94,0.02
2024-05-17 19:50:30,66939.03,0.00036218,66939.02,0.68562319,66946.02,0.00087026,66937.18,0.12754757,66946.03,0.01045687,66936.21,0.001866,66946.21,0.01045687,66935.8,0.01045688,66946.57,0.01045687,66935.45,0.01045688,66946.73,0.38116405,66935.27,0.01045688,66946.74,0.29876476,66935.05,0.00016712,66946.8,0.03687348,66934.5,0.0003022,66947.77,0.29876476,66934.49,0.25742431,66948.77,0.29876476,66932.97,0.02
2024-05-17 19:50:33,66954.27,0.45874141,66954.26,0.31521907,66958.23,0.2239,66953.25,0.01045415,66961.59,0.31125297,66952.9,0.01045415,66962.0,1.0,66952.71,0.01045415,66963.0,0.01045422,66950.61,0.37340955,66963.19,0.01045422,66950.41,0.014936,66963.53,0.01045422,66949.74,0.00746948,66965.8,0.07466498,66949.4,0.00461727,66966.21,0.05,66946.08,0.25653374,66966.45,0.05,66946.07,0.02
2024-05-17 19:50:36,66980.16,0.0006408,66979.48,0.08349691,66980.2,0.00016712,66976.39,0.01492977,66980.53,0.01045148,66976.21,0.07465336,66980.72,0.01045148,66973.04,0.14931381,66981.07,0.01045148,66971.34,0.09915798,66984.59,0.31135729,66970.66,0.01045143,66984.6,0.07464403,66970.32,0.25644089,66984.64,0.07109805,66970.31,0.01045143,66985.24,0.14928663,66970.13,0.01045143,66985.34,0.2239,66969.15,0.37330619
2024-05-17 19:50:39,66984.41,0.095,66981.08,0.0165159,66984.42,0.16815146,66975.73,0.01492956,66985.19,0.01045076,66975.72,0.15930781,66985.33,0.01,66973.25,0.01045103,66985.34,0.2239,66973.02,0.05765962,66985.37,0.01045076,66972.91,0.25643097,66985.72,0.01045076,66972.9,0.01045103,66986.72,0.05803425,66972.72,0.01045103,66987.57,0.07464071,66972.32,0.22967133,66989.82,0.04228877,66972.3,0.37328861
2024-05-17 19:50:41,66984.36,0.1681516,66981.08,0.0165159,66984.38,0.01058855,66979.68,0.08957882,66984.41,0.015,66975.72,0.15930781,66985.19,0.01045076,66973.25,0.01045103,66985.33,0.01,66973.02,0.05765962,66985.34,0.2239,66972.91,0.25643097,66985.37,0.01045076,66972.9,0.01045103,66986.72,0.05803425,66972.72,0.01045103,66987.57,0.07464071,66972.32,0.22967133,66989.82,0.04228877,66972.31,0.094472
2024-05-17 19:50:44,66981.18,0.00104624,66981.17,0.0155159,66981.19,0.015,66978.95,0.08465031,66981.29,0.01045136,66975.73,0.01492971,66981.48,0.01045136,66975.72,0.14930781,66981.83,0.01045136,66973.02,0.05765962,66984.13,0.01,66972.32,0.22967133,66984.14,3.73e-05,66972.3,0.37328861,66984.15,0.15323409,66972.11,0.07078226,66984.38,0.00013746,66971.47,0.09109316,66985.34,0.2239,66970.69,0.26390363
2024-05-17 19:50:47,66999.75,0.0177369,66996.91,0.0015159,66999.8,0.015,66996.11,0.00165843,67000.0,0.0145615,66994.97,0.01492591,67000.23,2.902e-05,66994.96,0.07463246,67000.35,0.01044857,66993.67,0.07166964,67000.9,0.08,66993.06,0.14926918,67000.91,0.46574663,66988.99,0.09495212,67001.0,1.0,66987.5,0.26383741,67002.84,0.07462371,66986.41,0.24249859,67005.53,0.08954491,66986.4,0.37321004
2024-05-17 19:50:50,66997.06,0.0009732,66997.05,0.10644152,66999.68,2.234e-05,66995.17,0.07463224,67000.0,0.00411293,66993.67,0.04666964,67000.23,2.902e-05,66993.06,0.14926918,67000.9,0.08,66991.86,0.07171302,67000.91,0.46574663,66990.68,0.0104484,67001.0,1.0,66990.38,0.0104484,67002.07,0.07462456,66990.37,0.01044839,67005.08,0.05554665,66989.81,0.37319106,67005.54,0.14924139,66989.07,0.09492681
2024-05-17 19:50:54,66997.85,0.01044891,66997.09,0.07200837,66998.15,0.01044891,66995.67,0.07295212,67000.0,0.00411293,66994.77,0.07463268,67000.23,2.902e-05,66993.67,0.04666964,67000.9,0.08,66993.06,0.14926918,67000.91,0.46574663,66991.86,0.07171302,67001.0,1.0,66989.81,0.37319106,67001.61,0.07462507,66988.72,0.09164775,67005.08,0.05554665,66987.49,0.27363165,67005.54,0.14924139,66987.48,0.0104489
2024-05-17 19:50:57,66997.41,0.0015159,66997.4,0.0015159,67000.99,0.41578612,66997.39,0.015,67001.0,1.0,66997.09,2.981e-05,67001.92,0.01044827,66996.97,0.07463023,67001.97,0.01044827,66994.9,0.14926507,67002.27,0.01044827,66994.48,0.01492557,67005.08,0.05554665,66993.8,0.05690361,67006.37,0.14923954,66992.21,0.01044816,67007.36,0.00016712,66991.93,0.01044815,67007.86,0.07070882,66991.24,0.01044827
2024-05-17 19:50:57,66997.41,0.0015159,66997.4,0.0015159,67000.99,0.41578612,66997.09,2.981e-05,67001.0,1.0,66996.97,0.07463023,67003.56,0.01044801,66994.9,0.14926507,67003.6,0.01044801,66994.48,0.01492557,67003.9,0.01044801,66993.8,0.05690361,67005.08,0.05554665,66992.74,0.01044803,67006.37,0.14923954,66992.21,0.01044816,67007.36,0.00016712,66991.93,0.01044815,67007.86,0.07070882,66990.77,0.07003705
2024-05-17 19:50:59,66997.41,0.00148609,66997.4,0.0845159,67000.99,0.41578612,66997.39,0.015,67001.0,1.0,66996.98,0.0149256,67001.92,0.01044827,66996.97,0.07463023,67001.97,0.01044827,66994.9,0.14926507,67002.27,0.01044827,66993.8,0.05690361,67005.03,0.07462127,66992.21,0.01044816,67005.07,0.08954375,66991.93,0.01044815,67005.08,0.05554665,66991.25,0.02,67006.37,0.14923954,66991.24,0.01044827
2024-05-17 19:51:02,66997.41,0.0015159,66997.4,0.35558723,67000.99,0.42868416,66994.26,0.01492557,67001.0,1.0,66993.8,0.05690361,67001.78,0.29851905,66992.96,0.01044799,67002.79,0.29851905,66992.78,0.01044807,67003.16,0.01044807,66992.48,0.01044807,67003.21,0.01044807,66991.67,0.37318069,67003.51,0.01044807,66991.25,0.02,67003.8,0.29851905,66990.77,0.07003705,67005.07,0.04477189,66989.61,0.08901
2024-05-17 19:51:05,67000.98,0.00022003,67000.54,0.0015159,67000.99,0.6193626,67000.36,0.04666964,67001.0,1.0,67000.35,0.015,67001.82,0.01044828,66998.12,0.01492522,67001.87,0.01044828,66998.11,0.15925793,67002.17,0.01044828,66997.4,2.98e-05,67005.08,0.05554665,66994.53,0.37316476,67006.99,0.07461908,66993.79,0.05633859,67007.36,0.00016712,66991.45,0.01044828,67007.86,0.07070882,66991.25,0.02
2024-05-17 19:51:09,67000.6,0.0015159,67000.59,0.17327483,67000.98,0.00019769,67000.56,0.00022492,67000.99,0.6043626,67000.53,2.98e-05,67001.0,1.0,66998.14,0.0149252,67003.16,0.29851905,66998.11,0.14925793,67003.17,0.01044807,66994.53,0.37316476,67003.22,0.01044807,66993.79,0.05633859,67003.52,0.01044807,66992.79,0.01044807,67004.17,0.29851905,66992.49,0.01044807,67005.08,0.05554665,66992.44,0.01044807
2024-05-17 19:51:11,66989.62,0.08987844,66989.61,0.05729809,66992.53,0.01492769,66989.02,0.07463909,66992.54,0.17913365,66987.1,0.14928245,66992.88,0.01044968,66984.0,0.37322341,66992.92,0.29855603,66982.45,0.01044968,66992.93,0.01044968,66982.15,0.01044968,66993.23,0.01044968,66982.1,0.01044968,66994.88,0.29855603,66981.73,0.613,66995.6,0.07463177,66981.18,0.00016712,66996.77,0.17911147,66980.77,0.2239
2024-05-17 19:51:15,66989.62,0.04761566,66989.61,0.08882033,66992.52,0.0149276,66989.0,0.07463911,66992.53,0.08,66987.1,0.14928245,66992.54,0.17913365,66984.0,0.37322341,66992.92,0.29855603,66981.73,0.613,66994.64,0.07463284,66981.18,0.00016712,66994.88,0.29855603,66980.77,0.2239,66996.78,0.17911151,66980.69,0.447876,66996.79,0.18953128,66980.52,0.09081974,66996.8,0.24412539,66978.45,0.26510869
2024-05-17 19:51:18,66989.62,0.00145664,66989.61,0.0689434,66992.49,0.04800009,66989.44,0.07463862,66992.5,0.08,66987.1,0.14928245,66994.92,0.01492738,66984.5,0.01044936,66994.93,0.01044936,66984.23,0.01044936,66994.95,0.01044936,66984.2,0.01044936,66995.23,0.01044936,66984.0,0.37322341,66996.03,0.07463129,66981.73,0.613,66996.04,0.06,66981.18,0.0931568,66996.78,0.1791115,66980.78,0.26509947
2024-05-17 19:51:21,66989.62,0.00150591,66989.61,0.19925148,66993.84,0.01044954,66987.1,0.14928245,66993.86,0.01044954,66984.0,0.37322341,66994.14,0.01044954,66983.33,0.01044955,66996.02,0.10470598,66983.06,0.01044955,66996.03,0.07463129,66983.03,0.01044955,66996.04,0.06,66982.62,0.09453418,66996.77,0.08,66981.18,0.00016712,66996.78,0.1791115,66980.78,0.27438377,66996.79,0.18953128,66980.77,0.2239
2024-05-17 19:51:24,66992.15,0.0104498,66990.62,0.09418554,66992.42,0.0104498,66990.61,0.019,66995.88,0.09513528,66990.51,0.07463743,66995.89,0.06,66989.61,0.0154275,66996.02,0.02392737,66987.1,0.14928245,66996.03,0.07463129,66984.0,0.37322341,66996.77,0.08,66983.05,0.09994129,66996.78,0.1791115,66982.75,0.01044964,66996.79,0.18953128,66982.48,0.01044964,66996.8,0.24412539,66982.46,0.01044964
2024-05-17 19:51:27,66992.11,0.015,66990.62,0.11318554,66992.12,0.01889382,66990.61,2.98e-05,66992.13,0.02103972,66990.51,0.07463743,66992.16,0.01044986,66989.61,0.0153977,66995.86,0.04800008,66987.1,0.14928245,66995.87,0.08,66984.0,0.37322341,66995.88,0.014927,66982.2,0.09491312,66995.89,0.06,66981.18,0.00016712,66996.03,0.07463129,66980.78,0.27438377,66996.78,0.1791115,66980.77,0.2239
2024-05-17 19:51:30,66986.51,0.41576881,66986.5,0.07277199,66987.51,0.33588406,66983.15,0.07464563,66987.52,0.29856361,66981.33,0.01,66988.52,0.29856361,66981.32,0.14929534,66989.44,0.01492838,66981.18,0.00016712,66989.45,0.07463862,66980.77,0.2239,66991.92,0.1805658,66980.69,0.447876,66991.93,0.14927171,66977.29,0.37326083,66992.13,0.00016234,66976.23,0.09232827,66993.36,0.00016712,66973.26,0.26619003
2024-05-17 19:51:33,66986.51,0.38578445,66986.5,0.07364394,66987.51,0.40305998,66983.36,0.01,66987.52,0.29856361,66983.35,0.0746454,66987.88,0.07260207,66981.32,0.14929534,66988.08,0.01045044,66981.18,0.00016712,66988.37,0.01045045,66978.13,0.01045045,66988.52,0.29856361,66977.65,0.01045045,66988.74,0.07463941,66977.29,0.38371128,66988.92,0.01045044,66976.52,0.00746948,66990.64,0.01492838,66976.28,0.26617803
2024-05-17 19:51:36,66986.51,0.38280979,66986.5,0.07367374,66987.51,0.40305998,66984.33,0.07464432,66987.52,0.29856361,66981.32,0.14929534,66987.88,0.13057791,66981.18,0.00016712,66988.52,0.29856361,66980.2,0.01045013,66989.69,0.01492838,66979.71,0.01045013,66989.99,0.01045014,66979.35,0.01045013,66990.02,0.07463798,66977.29,0.37326083,66990.35,0.01045014,66976.53,0.26617704,66990.64,0.08956311,66976.52,0.00746948
2024-05-17 19:51:40,66986.51,0.38786928,66986.5,0.07318964,66987.88,0.05797584,66985.24,0.0746433,66988.22,0.07069601,66983.69,0.14053,66990.63,0.01492823,66983.49,0.1492905,66990.65,0.06,66981.18,0.00016712,66991.16,0.07463671,66979.97,0.37324587,66991.82,0.17915425,66976.78,0.23211076,66992.13,0.00014,66976.52,0.27249332,66992.47,0.01044981,66976.51,0.09739105,66992.67,0.01044972,66973.69,0.1839797
2024-05-17 19:51:43,66986.51,0.38747672,66986.5,0.07247033,66987.88,0.05797584,66985.24,0.0746433,66990.63,0.01492823,66984.24,0.0104495,66990.65,0.06,66983.75,0.0104495,66991.16,0.07463671,66983.69,0.14053,66991.82,0.17915425,66983.49,0.1492905,66992.13,0.00014,66983.39,0.0104495,66992.83,0.29859035,66981.18,0.00016712,66993.36,0.00016712,66979.97,0.37324587,66993.82,0.29859035,66976.54,0.43129252
2024-05-17 19:51:46,66986.51,0.38749907,66986.5,0.07061976,66987.88,0.05797584,66985.24,0.0746433,66988.29,0.0700941,66983.49,0.1492905,66990.63,0.01492823,66983.42,0.01044962,66990.65,0.06,66982.94,0.01044962,66991.16,0.07463671,66982.58,0.01044962,66991.82,0.17915425,66981.18,0.00016712,66992.13,0.00014,66979.97,0.37324587,66992.83,0.29859035,66976.54,0.43129252,66993.31,0.01044962,66976.53,0.23211076
2024-05-17 19:51:49,66983.51,0.09927353,66983.5,0.20000256,66986.5,5.225e-05,66983.49,0.114735,66987.86,0.01492875,66982.31,0.0104498,66987.87,0.04205653,66981.83,0.0104498,66987.88,0.05797584,66981.47,0.0104498,66988.35,0.0729102,66981.18,0.00016712,66990.64,0.04478159,66979.97,0.37324587,66990.65,0.06,66976.54,0.43129252,66991.83,0.07463597,66976.53,0.23211076,66992.13,0.00014,66976.52,0.00746948
2024-05-17 19:51:53,66983.51,0.05924412,66983.5,0.3386439,66986.5,5.225e-05,66983.06,0.01044968,66987.86,0.01492875,66982.57,0.01044968,66987.87,0.04205653,66982.22,0.01044968,66987.88,0.05797584,66981.18,0.00016712,66988.35,0.0729102,66979.97,0.37324587,66990.65,0.06,66976.54,0.43129252,66991.97,0.01044983,66976.53,0.23211076,66992.07,0.04478147,66976.01,0.1,66992.08,0.07463568,66974.57,0.09301673
2024-05-17 19:51:54,66983.51,0.05924412,66983.5,0.33867371,66987.86,0.01492875,66983.06,0.01044968,66987.87,0.04205653,66982.57,0.01044968,66987.88,0.05797584,66982.22,0.01044968,66988.35,0.0729102,66981.18,0.00016712,66990.65,0.06,66979.97,0.37324587,66991.97,0.01044983,66976.54,0.43129252,66992.13,0.00014,66976.53,0.23211076,66992.33,0.01044983,66976.01,0.1,66992.68,0.04478108,66974.57,0.09301673
2024-05-17 19:51:57,66983.51,0.04978803,66983.5,0.33870352,66986.5,0.000468,66981.18,0.00016712,66987.86,0.01492875,66979.97,0.37324587,66987.87,0.04205653,66976.54,0.19753866,66987.88,0.05797584,66976.53,0.23211076,66988.35,0.0729102,66976.52,0.00746948,66991.97,0.01044983,66976.01,0.1,66992.13,0.00014,66974.77,0.09385928,66992.33,0.01044983,66973.68,0.74656188,66992.82,0.01044983,66973.26,0.26503674
2024-05-17 19:52:00,66983.51,0.00524004,66983.5,0.33866453,66986.5,0.000468,66981.94,0.01044985,66987.87,0.04205653,66981.46,0.01044986,66987.88,0.05797584,66981.18,0.00016712,66988.35,0.0729102,66981.1,0.01044986,66991.97,0.02537845,66979.97,0.37324587,66992.13,0.00014,66976.52,0.00746948,66992.33,0.01044983,66976.02,0.23951818,66992.54,0.04478114,66976.01,0.1,66992.55,0.07463516,66975.75,0.09119918
2024-05-17 19:52:03,66995.14,0.0015159,66995.13,0.20181783,66997.23,1.818e-05,66993.47,0.0028788,67000.49,0.08,66993.46,0.14926829,67000.5,0.61492608,66991.38,0.37318233,67000.99,8.334e-05,66991.0,0.05810469,67001.0,1.0,66990.12,0.07072068,67002.19,0.01044829,66989.38,0.072,67002.77,0.07462378,66987.92,0.09557665,67005.08,0.05554665,66985.39,0.26923645,67005.33,0.14924187,66985.38,0.23936647
2024-05-17 19:52:06,66995.14,0.01634619,66995.13,0.20116787,66997.23,1.818e-05,66993.46,0.14926829,66997.85,0.01044891,66991.38,0.37318233,66998.21,0.01044891,66991.0,0.05810469,66999.68,0.02422493,66990.12,0.07072068,66999.69,0.02537483,66989.38,0.072,67000.49,0.08,66987.89,0.01044893,67000.5,0.60000006,66987.4,0.01044893,67000.99,8.334e-05,66987.09,0.09441724,67001.0,1.0,66987.05,0.01044893
2024-05-17 19:52:09,66995.14,0.03063394,66995.13,0.11721535,66996.54,0.01044912,66994.43,0.07463306,66996.9,0.01044912,66993.46,0.14926829,66997.23,1.818e-05,66991.0,0.05810469,66997.38,0.01044912,66990.12,0.07072068,66998.64,0.01492636,66989.38,0.072,67000.49,0.08,66988.57,0.37319794,67000.5,0.60000006,66986.8,0.0104491,67000.88,0.07462589,66986.47,0.08905281,67000.99,8.334e-05,66986.31,0.0104491
2024-05-17 19:52:11,66995.14,0.03065628,66995.13,0.11724516,66997.23,1.818e-05,66994.43,0.07463306,66998.03,0.01044889,66993.46,0.14926829,66998.38,0.01044889,66991.0,0.05810469,66998.64,0.01492636,66990.12,0.07072068,66998.87,0.01044889,66989.38,0.072,67000.3,0.07462653,66988.57,0.37319794,67000.49,0.08,66988.14,0.01044889,67000.5,0.60000006,66987.3,0.01044889,67000.99,8.334e-05,66986.63,0.01044905
2024-05-17 19:52:14,67040.54,0.16029909,67040.53,0.01666721,67041.14,0.01044235,67039.36,0.072,67041.49,0.01044235,67034.39,0.0050524,67041.98,0.01044235,67034.38,0.2623247,67043.57,0.04474635,67034.37,0.05181991,67043.59,0.00879729,67032.55,0.07459062,67044.62,0.0745772,67031.67,0.15022981,67048.43,0.14914593,67031.43,0.01044225,67049.4,0.08,67031.25,0.01044235,67049.97,0.14600358,67030.4,0.01044235
2024-05-17 19:52:17,67034.38,0.0014861,67034.37,0.12692749,67040.54,0.02033153,67034.15,0.07458884,67040.55,0.015,67033.23,0.14917973,67043.09,0.01044205,67032.71,0.01044205,67043.44,0.009,67032.36,0.01044205,67043.45,0.01044205,67031.97,0.01044224,67043.59,0.00879729,67031.75,0.26233499,67043.9,0.04474596,67031.67,0.15022981,67043.94,0.01044205,67030.88,0.1,67045.24,0.07457651,67028.55,0.08911439
2024-05-17 19:52:21,67034.38,0.0010512,67034.37,0.21146819,67040.54,0.0203092,67034.15,0.07458884,67040.55,0.015,67033.87,0.37294574,67043.59,0.00879729,67033.23,0.14917973,67043.88,0.009,67033.02,0.010442,67043.89,0.01044192,67032.66,0.010442,67044.22,0.01044193,67031.67,0.15022981,67044.71,0.01044193,67030.89,0.26233836,67044.92,0.04474614,67030.88,0.1,67044.93,0.07457685,67028.79,0.09521184
2024-05-17 19:52:23,67034.38,0.01142135,67034.37,0.12421535,67040.52,0.3760321,67034.15,0.07458884,67040.53,0.29836006,67033.23,0.14917973,67040.55,0.015,67031.67,0.16511721,67041.04,0.01044242,67030.88,0.1,67041.2,0.01044234,67030.79,0.01044242,67041.54,0.29836006,67030.77,0.01044235,67041.99,0.01044235,67029.95,0.01044242,67042.55,0.29836006,67029.52,0.37296997,67043.33,0.07457863,67027.28,0.48108233
2024-05-17 19:52:26,67034.38,0.01082846,67034.37,0.2971194,67041.18,0.30736006,67030.89,0.01491715,67041.19,0.01044234,67030.88,0.1,67041.53,0.07458064,67029.67,0.37296911,67041.55,0.01044234,67027.58,0.09713522,67042.04,0.01044234,67026.59,0.25736011,67043.19,0.17901612,67026.58,0.089842,67043.2,0.29836006,67026.3,0.14234,67043.59,0.00879729,67025.01,0.00016712,67044.12,0.14915552,67024.01,0.03441425
2024-05-17 19:52:29,67034.38,0.01197061,67034.37,0.2971194,67039.58,0.0104426,67030.89,0.01491715,67039.93,0.0104426,67030.88,0.1,67040.42,0.0104426,67029.78,0.25734786,67041.18,0.30736006,67029.77,0.01044258,67041.53,0.07458064,67029.67,0.37296911,67043.19,0.17901612,67029.28,0.01044258,67043.2,0.29836006,67028.93,0.01044258,67043.59,0.00879729,67026.3,0.14234,67044.12,0.14915552,67025.12,0.089833
2024-05-17 19:52:32,67034.38,0.00895714,67034.37,0.29708535,67039.86,0.01044255,67030.89,0.01491715,67040.22,0.01044255,67030.88,0.1,67040.71,0.01044255,67030.35,0.25734567,67041.52,0.05374843,67029.86,0.01044257,67041.53,0.07458064,67029.67,0.37296911,67043.59,0.00879729,67028.92,0.01044264,67044.11,0.08949337,67028.56,0.01044264,67044.12,0.14915552,67027.61,0.09123622,67047.15,0.08,67026.3,0.14234
2024-05-17 19:52:36,67034.38,0.00584487,67034.37,0.29714491,67040.88,0.009,67031.14,0.01044237,67040.89,0.06894509,67030.89,0.01491715,67040.9,0.07458134,67030.88,0.1,67041.26,0.01044233,67030.65,0.01044237,67041.62,0.01044233,67030.3,0.01044237,67042.11,0.01044233,67029.68,0.27137124,67043.59,0.00879729,67029.67,0.37296911,67044.11,0.08949337,67027.62,0.09796164,67044.12,0.14915552,67026.3,0.14234
2024-05-17 19:52:39,67034.38,0.00195957,67034.37,0.29712818,67041.26,0.01044233,67031.24,0.01044235,67041.39,0.009,67030.89,0.01491693,67041.4,0.06267933,67030.88,0.1,67041.41,0.07458078,67030.75,0.01044235,67041.62,0.01044233,67030.39,0.01044235,67042.11,0.01044233,67029.68,0.27137124,67043.59,0.00879729,67029.67,0.37296911,67044.11,0.08949337,67027.99,0.09765404,67044.12,0.14915552,67026.3,0.14234
2024-05-17 19:52:42,67034.38,0.00153459,67034.37,0.19032749,67041.38,0.08302992,67033.11,0.01491697,67041.39,0.015,67033.1,0.01044193,67041.4,0.06,67032.2,0.14918201,67041.41,0.07458078,67030.88,0.1,67043.59,0.00879729,67029.68,0.27137124,67044.11,0.08949337,67029.67,0.37296911,67044.12,0.14915552,67028.0,0.09454496,67044.53,0.01044182,67026.3,0.14234,67044.89,0.01044182,67025.29,0.089827
2024-05-17 19:52:45,67034.38,0.00010093,67034.37,0.3317039,67040.93,0.01044238,67031.86,0.01491689,67041.28,0.01044239,67031.85,0.01044226,67041.77,0.01044238,67031.36,0.01044226,67043.11,0.05101266,67031.0,0.01044226,67043.12,0.07457887,67030.88,0.1,67043.59,0.00879729,67029.68,0.27531896,67046.06,0.12000006,67029.52,0.37296998,67046.1,0.05,67028.63,0.09658094,67046.11,0.2,67026.49,0.089825
2024-05-17 19:52:48,67034.38,0.00130049,67034.37,0.2843575,67041.27,0.06358721,67032.35,0.01044218,67041.28,0.015,67031.86,0.02535907,67042.53,0.07457953,67031.75,0.01044217,67042.65,0.01044217,67030.88,0.1,67042.78,0.01044213,67030.01,0.27531761,67043.14,0.01044217,67029.52,0.37296998,67043.59,0.00879729,67028.08,0.09497197,67046.06,0.12000006,67026.49,0.089825,67046.11,0.2,67026.36,0.04558954
2024-05-17 19:52:51,67034.38,0.0015159,67034.37,0.13513319,67039.46,0.02570834,67031.86,0.01491689,67039.47,0.015,67030.88,0.1,67039.95,0.01044267,67029.52,0.37296998,67041.27,0.05374815,67029.5,0.01044262,67041.93,0.07458019,67029.02,0.27532167,67043.59,0.00879729,67029.01,0.01044262,67044.12,0.14915552,67028.85,0.01044262,67046.06,0.12000006,67027.55,0.089487,67046.11,0.2,67027.51,0.09131585
2024-05-17 19:52:54,67034.38,0.00044216,67034.37,0.30212259,67039.47,0.015,67030.88,0.1,67041.27,0.05374815,67029.69,0.01044252,67041.93,0.07458019,67029.52,0.37296998,67043.59,0.00879729,67029.33,0.01044265,67044.12,0.14915552,67029.12,0.2644949,67046.06,0.12000006,67029.11,0.01044265,67046.11,0.2,67027.95,0.08907354,67047.37,0.20692752,67027.28,0.089486,67047.38,0.2239,67026.37,0.09495212
2024-05-17 19:52:54,67034.38,0.00044216,67034.37,0.28720556,67039.47,0.015,67030.89,0.01491703,67040.39,0.01044252,67030.88,0.1,67040.65,0.01044252,67029.69,0.01044252,67040.88,0.01044252,67029.52,0.37296998,67041.27,0.05374815,67029.33,0.01044265,67041.93,0.07458019,67029.12,0.2644949,67043.59,0.00879729,67029.11,0.01044265,67044.12,0.14915552,67027.75,0.09145079,67046.06,0.12000006,67027.28,0.089486
2024-05-17 19:52:58,67043.58,0.01606552,67042.28,0.0435159,67043.59,0.02677583,67041.65,0.07458049,67047.13,0.13434007,67038.44,0.00016712,67047.38,0.2239,67038.12,0.02535737,67048.1,0.07457332,67037.96,0.01044128,67049.3,0.149144,67037.89,0.01044128,67049.99,0.12914768,67037.62,0.01,67050.0,0.01032056,67034.75,0.26447268,67050.87,0.00016712,67034.74,0.3729409,67052.16,0.22370236,67033.95,0.08907653
2024-05-17 19:53:01,67042.44,0.10081219,67042.43,0.0015159,67043.59,0.00878271,67039.89,0.05666964,67045.73,0.01044173,67039.88,0.07458246,67045.79,0.01044173,67038.82,0.00126164,67045.95,0.01044173,67038.81,0.14916731,67046.07,0.04474539,67038.44,0.00016712,67046.08,0.07457557,67036.2,0.0149162,67047.13,0.13434007,67035.25,0.0104417,67047.38,0.2239,67035.21,0.01044173,67049.3,0.149144,67034.99,0.01044173
2024-05-17 19:53:03,67042.44,0.10067913,67042.43,0.0015159,67043.59,0.00878271,67039.89,0.05666964,67045.0,0.04474612,67038.81,0.07458365,67045.01,0.07457676,67038.44,0.00016712,67045.79,0.01044173,67036.65,0.14917212,67045.95,0.01044173,67036.2,0.0149162,67046.03,0.01044169,67035.36,0.01044169,67047.13,0.13434007,67035.21,0.01044173,67047.18,0.14914872,67034.99,0.01044173,67047.38,0.2239,67034.74,0.3729409
2024-05-17 19:53:06,67042.44,0.07430894,67042.43,0.00137672,67043.59,0.00878271,67039.39,0.04666964,67044.17,0.01044192,67039.38,0.07458302,67044.36,0.01044192,67036.65,0.14917212,67044.72,0.01044189,67034.75,0.01491619,67045.58,0.04474568,67034.74,0.3729409,67045.59,0.07457612,67033.88,0.01044191,67046.22,0.01,67033.75,0.0104419,67047.13,0.13434007,67033.56,0.0104419,67047.18,0.14914872,67031.4,0.25792303
2024-05-17 19:53:09,67039.79,0.0015159,67039.78,0.07609848,67042.43,0.01935409,67036.65,0.14917212,67042.44,0.01590788,67034.75,0.01491623,67042.62,0.01044216,67034.74,0.3729409,67042.82,0.01044216,67031.41,0.25792299,67042.98,0.01044216,67031.4,0.09733682,67043.59,0.00878271,67031.01,0.45500651,67045.93,0.04474553,67030.98,0.06876439,67045.94,0.07457574,67030.89,0.00058331,67047.13,0.13434007,67030.12,0.18360941
2024-05-17 19:53:12,67037.43,0.33907035,67037.42,0.02238356,67038.96,0.17900963,67034.72,0.01,67038.97,0.29834938,67034.71,0.07458821,67038.98,0.01044273,67033.74,0.1491786,67039.17,0.01044273,67030.98,0.08368179,67039.34,0.01044273,67030.89,0.00058331,67041.15,0.07458106,67029.69,0.37296901,67042.43,2.233e-05,67028.61,0.25793377,67042.44,7.02e-06,67028.6,0.01044273,67043.42,0.1790038,67028.43,0.01044273
2024-05-17 19:53:16,67037.43,0.10364352,67037.42,0.03757546,67038.94,0.18945692,67035.42,0.01,67038.95,0.29835695,67035.41,0.07458743,67039.13,0.01044273,67033.74,0.1491786,67039.3,0.01044273,67030.98,0.08368158,67041.83,0.0745803,67030.89,0.00058331,67042.44,7.02e-06,67030.11,0.00746948,67043.42,0.17900379,67029.69,0.37296901,67043.43,0.29833959,67029.54,0.01044258,67043.59,0.00878271,67029.37,0.01044258
2024-05-17 19:53:19,67037.43,0.08617854,67037.42,0.02765413,67038.94,0.17901419,67035.42,0.01,67038.95,0.29835695,67035.41,0.07458743,67041.02,0.01044241,67033.74,0.1491786,67041.21,0.01044241,67030.98,0.08368158,67041.38,0.01044241,67030.89,0.00058331,67041.83,0.0745803,67030.56,0.01044242,67042.44,7.02e-06,67030.39,0.01044242,67043.42,0.17900379,67030.2,0.01044242,67043.43,0.29833959,67030.11,0.00746948
2024-05-17 19:53:22,67037.43,0.08008869,67037.42,0.0132565,67039.7,0.01044262,67034.95,0.01,67039.89,0.01044262,67034.94,0.07458796,67040.06,0.01044262,67034.01,0.149178,67041.34,0.04474857,67030.98,0.08368174,67041.35,0.07458084,67030.89,0.00058331,67042.44,7.02e-06,67029.69,0.37296901,67043.59,0.00878271,67028.58,0.2670439,67044.28,0.08949268,67028.57,0.01044271,67044.63,0.14915439,67028.4,0.01044276
2024-05-17 19:53:24,67037.43,0.08008869,67037.42,0.0132565,67039.7,0.01044262,67034.96,0.00246307,67039.89,0.01044262,67034.95,0.01,67040.06,0.01044262,67034.94,0.07458796,67040.69,0.04474903,67034.01,0.149178,67040.7,0.07458156,67030.98,0.08368174,67042.44,7.02e-06,67030.89,0.00058331,67043.59,0.00878271,67029.92,0.01044252,67044.28,0.08949268,67029.69,0.37296901,67044.63,0.14915439,67029.56,0.01044252
2024-05-17 19:53:27,67031.57,0.00162788,67031.56,0.26643418,67036.95,0.01044304,67030.98,0.06876439,67037.15,0.01044304,67030.89,0.00058331,67037.31,0.01044304,67027.04,0.08517982,67037.41,0.36490164,67026.93,0.1,67037.42,0.29835695,67026.69,0.37298573,67037.43,0.00264243,67026.58,0.01044304,67038.43,0.29835695,67026.41,0.01044304,67039.44,0.29835695,67026.3,0.14234,67039.86,0.07458249,67026.22,0.01044304
2024-05-17 19:53:30,67031.57,0.00079704,67031.56,0.26646396,67037.41,0.35490164,67030.98,0.06876439,67037.42,0.29835695,67030.89,0.00058331,67037.43,0.00264243,67028.43,0.01491772,67038.43,0.29835695,67028.26,0.01044276,67038.8,0.01044276,67027.94,0.01044283,67038.99,0.01044276,67027.58,0.01044283,67039.16,0.01044276,67026.93,0.1,67039.44,0.29835695,67026.69,0.37298573,67040.5,0.07458178,67026.31,0.26705294
2024-05-17 19:53:33,67035.86,0.08328818,67035.85,0.0755159,67037.34,0.17901933,67031.56,5.956e-05,67037.37,0.29836541,67030.98,0.08368178,67037.4,2.233e-05,67030.97,0.01,67037.43,0.00264243,67030.89,0.00058331,67038.43,0.29835695,67028.47,0.01044275,67038.8,0.01044276,67028.3,0.01044275,67038.99,0.01044276,67028.11,0.01044275,67039.16,0.01044276,67026.94,0.25745417,67039.44,0.29835695,67026.93,0.1
2024-05-17 19:53:36,67035.86,0.06814744,67035.85,0.07544131,67037.34,0.17901933,67035.07,0.07458781,67037.37,0.29836541,67032.14,0.14918215,67037.4,2.233e-05,67031.56,5.956e-05,67037.43,0.00067271,67030.98,0.08368178,67038.43,0.29835695,67030.89,0.00058331,67039.44,0.29835695,67030.19,0.01044248,67040.56,0.01044248,67030.02,0.01044248,67040.76,0.01044248,67029.83,0.01044248,67040.92,0.01044248,67026.94,0.25745417
2024-05-17 19:53:39,67026.94,0.10770729,67026.93,0.1645159,67029.23,0.01044425,67025.01,0.00016712,67029.42,0.01044425,67025.0,0.07459902,67029.59,0.01044425,67024.4,0.14919939,67030.04,0.0015159,67021.45,0.01491938,67030.08,0.0725343,67021.44,0.10119,67030.22,0.17903799,67020.29,0.37302134,67030.23,0.29839657,67019.7,0.2239,67032.0,0.29836541,67018.87,0.25748518,67032.01,0.07459123,67018.86,0.01044425
2024-05-17 19:53:42,67039.8,0.2239,67039.79,0.03044129,67042.44,7.02e-06,67039.78,0.10590528,67043.59,0.00878271,67038.65,0.14916767,67047.74,0.07457373,67035.86,0.00157116,67048.82,0.1634819,67035.85,0.1151,67048.83,0.14914503,67035.1,0.072,67049.99,0.12914768,67034.73,0.38785751,67050.0,0.01032056,67034.08,0.09235189,67050.65,0.01044091,67030.14,0.26036898,67050.85,0.01044091,67030.13,0.18037579
2024-05-17 19:53:45,67043.59,0.08355108,67043.58,0.0765159,67048.82,0.07748866,67042.91,0.0745791,67049.93,0.0745713,67042.43,0.07457963,67049.99,0.12914768,67041.12,0.01044072,67050.0,0.01032056,67040.83,0.01044082,67050.87,0.00016712,67040.66,0.01044082,67051.21,0.01044082,67038.46,0.00016712,67051.4,0.01044082,67038.45,0.072,67051.57,0.01044082,67037.84,0.01491567,67052.93,2.238e-05,67037.83,0.37292371
2024-05-17 19:53:48,67043.59,0.05324387,67043.58,0.0665159,67048.82,0.07748866,67043.26,0.0745787,67049.13,0.07457219,67042.43,0.07457963,67049.99,0.12914768,67041.12,0.01044072,67050.0,0.01032056,67040.83,0.01044082,67050.87,0.00016712,67040.66,0.01044082,67051.21,0.01044082,67038.46,0.00016712,67051.4,0.01044082,67038.45,0.08691567,67051.57,0.01044082,67037.85,0.26033904,67052.93,2.238e-05,67037.83,0.37292371
2024-05-17 19:53:52,67043.59,0.03374471,67043.58,0.06654571,67048.52,0.01,67042.45,0.07457961,67048.53,0.07457285,67040.26,0.14916408,67048.82,0.07748866,67040.02,0.01044095,67049.7,0.01044106,67039.84,0.01044095,67049.99,0.12914768,67039.66,0.01044095,67050.0,0.01032056,67038.46,0.00016712,67050.06,0.01044106,67038.45,0.08691553,67050.58,0.01044095,67037.83,0.37292371,67050.71,0.08948452,67036.04,0.18118832
2024-05-17 19:53:55,67043.59,0.07458789,67043.58,0.06036603,67044.83,0.01044182,67041.77,0.07458036,67045.19,0.01044182,67040.26,0.14916408,67045.24,0.01044178,67038.46,0.00016712,67047.89,0.07457357,67038.45,0.08691553,67048.82,0.124534,67037.83,0.37292371,67049.65,0.2237,67034.85,0.01044176,67049.99,0.12914768,67034.68,0.01044176,67050.0,0.01032056,67034.48,0.01044176,67050.71,0.08948452,67033.97,0.26459183
2024-05-17 19:53:57,67043.59,0.07458789,67043.58,0.04983563,67046.99,0.01044148,67041.78,0.01,67047.15,0.01044149,67041.77,0.07458036,67047.35,0.01044148,67040.26,0.14916408,67047.89,0.07457357,67038.46,0.00016712,67048.82,0.124534,67038.45,0.08691553,67049.65,0.2237,67037.83,0.37292371,67049.99,0.12914768,67036.58,0.01044149,67050.0,0.01032056,67036.42,0.01044149,67050.71,0.08948452,67036.22,0.01044149
2024-05-17 19:54:00,67043.59,0.07190609,67043.58,0.04757552,67047.13,0.01044146,67041.78,0.01,67047.26,0.07457426,67041.18,0.07458102,67047.33,0.01044146,67040.26,0.14916408,67047.5,0.01044146,67038.46,0.00016712,67048.82,0.124534,67038.45,0.072,67049.65,0.2237,67037.84,0.01491586,67049.99,0.12914768,67035.96,0.01044158,67050.0,0.01032056,67035.79,0.01044158,67050.71,0.08948452,67035.6,0.01044158
2024-05-17 19:54:04,67043.59,0.06572497,67043.58,0.04757552,67047.25,0.07457428,67041.78,0.01,67048.61,0.14914553,67041.18,0.07458102,67048.82,0.124534,67040.26,0.14916408,67049.65,0.2237,67038.46,0.00016712,67049.99,0.12914768,67038.45,0.072,67050.0,0.01032056,67037.84,0.01491586,67050.87,0.00016712,67035.47,0.26458591,67052.93,2.238e-05,67035.36,0.1275,67053.9,0.22369914,67035.08,0.37293901
2024-05-17 19:54:06,67043.59,0.05391626,67043.58,0.04141226,67046.6,0.04474505,67040.84,0.08458139,67046.61,0.07457499,67040.26,0.14916408,67048.2,0.01044129,67038.46,0.00016712,67048.4,0.01044129,67038.45,0.08691569,67048.57,0.01044129,67037.83,0.01044129,67048.61,0.14914553,67037.66,0.01044129,67048.82,0.124534,67037.47,0.01044129,67049.65,0.2237,67035.08,0.37293901,67049.99,0.12914768,67035.05,0.1201
2024-05-17 19:54:10,67043.59,0.06209404,67043.58,0.03054571,67046.55,0.0447451,67040.78,0.08458146,67046.56,0.07457505,67038.46,0.00016712,67046.91,0.01044149,67038.45,0.072,67047.1,0.01044149,67037.87,0.01491579,67047.27,0.01044149,67037.86,0.14916943,67048.61,0.14914553,67036.53,0.01044149,67048.82,0.124534,67036.37,0.01044149,67049.65,0.2237,67036.17,0.01044149,67049.99,0.12914768,67035.09,0.27969481
2024-05-17 19:54:13,67038.47,0.0279073,67038.46,0.00168302,67043.58,0.01730696,67037.86,0.14916943,67043.59,0.0022916,67035.63,0.07144476,67043.65,0.01044203,67033.28,0.0715962,67043.82,0.01044203,67033.09,0.1,67044.73,0.07457708,67030.39,0.09888396,67046.62,0.08948997,67030.12,0.02,67046.63,0.14914994,67030.11,0.00746948,67048.59,0.13422008,67027.92,0.25753414,67048.6,0.09495212,67027.91,0.666
2024-05-17 19:54:13,67038.47,0.0279073,67038.46,0.00168302,67043.58,0.01044218,67037.86,0.14916943,67043.59,0.0022916,67033.28,0.0715962,67043.65,0.01044203,67033.09,0.1,67043.82,0.01044203,67033.02,0.01044204,67044.73,0.07457708,67032.86,0.01044204,67046.62,0.08948997,67032.66,0.01044204,67046.63,0.14914994,67030.43,0.09339512,67048.59,0.13422008,67030.12,0.02,67048.6,0.09495212,67030.11,0.00746948
2024-05-17 19:54:17,67037.11,0.03830298,67037.1,0.0015159,67042.66,0.01,67036.53,0.07458619,67042.67,0.04474768,67034.97,0.14917586,67042.68,0.07457935,67033.28,0.05667954,67043.58,0.01049438,67033.09,0.1,67043.59,0.00241903,67032.51,0.01044212,67043.65,0.01044203,67032.34,0.0253592,67043.82,0.01044203,67032.3,0.37295452,67046.61,0.07,67032.14,0.01044212,67046.62,0.08949002,67030.11,0.00746948
2024-05-17 19:54:19,67037.11,0.03795183,67037.1,0.0375159,67042.66,0.01,67036.53,0.08458619,67042.67,0.04474768,67034.97,0.14917586,67042.68,0.07457935,67033.28,0.05667954,67043.58,0.01049438,67033.09,0.1,67043.59,0.00241903,67032.51,0.01044212,67043.65,0.01044203,67032.34,0.0253592,67043.82,0.01044203,67032.3,0.37295452,67046.61,0.07,67032.14,0.01044212,67046.62,0.08949002,67030.11,0.00746948
2024-05-17 19:54:22,67037.11,0.02236298,67037.1,0.11213127,67042.77,0.01044214,67034.97,0.15917586,67043.13,0.02044214,67033.28,0.07159643,67043.59,0.00241903,67033.09,0.1,67043.9,0.07457801,67032.39,0.01044214,67044.02,0.01044197,67032.3,0.37295452,67046.61,0.07,67032.23,0.01044214,67046.62,0.08949002,67032.03,0.01044214,67046.63,0.14914994,67030.12,0.27369716,67047.74,0.08,67030.11,0.00746948
2024-05-17 19:54:25,67037.11,0.0015159,67037.1,0.31318183,67047.68,0.10093013,67035.31,0.37293775,67047.69,0.015,67033.36,0.18377516,67047.85,0.0104414,67033.33,0.07144476,67048.84,0.083681,67033.28,0.05667954,67049.99,0.12914768,67033.09,0.1,67050.0,0.01032056,67032.49,0.09908831,67050.87,0.00016712,67030.13,0.27369711,67050.93,0.08948422,67030.12,0.24792399,67050.94,0.14914035,67030.11,0.00746948
2024-05-17 19:54:28,67037.11,0.0010969,67037.1,0.23259627,67047.33,0.00056235,67035.31,0.37293775,67048.83,0.017,67033.37,0.27368389,67048.84,0.07501741,67033.36,0.18377516,67049.99,0.12914768,67033.33,0.07144476,67050.0,0.01032056,67033.28,0.05667954,67050.87,0.00016712,67033.14,0.09467954,67050.93,0.08948422,67033.09,0.1,67050.94,0.14914035,67030.12,0.24792399,67052.02,0.08,67030.11,0.00746948
2024-05-17 19:54:32,67042.28,0.00151426,67042.27,0.0165159,67046.71,0.05374482,67040.83,0.08458141,67046.86,0.015,67039.48,0.00016712,67046.9,0.07457467,67038.78,0.0149155,67046.91,0.00038002,67037.28,0.25713941,67047.74,0.01044149,67037.27,0.01044149,67047.91,0.01044149,67037.17,0.01044149,67048.01,0.01044149,67037.1,0.07467499,67048.88,0.08948698,67037.0,0.01044149,67048.89,0.14914491,67035.31,0.37293775
2024-05-17 19:54:35,67042.28,0.00116707,67042.27,0.0165159,67046.71,0.05374482,67040.83,0.08458141,67046.86,0.015,67039.48,0.00016712,67046.9,0.07457467,67038.78,0.0149155,67046.91,0.00038002,67037.28,0.25713941,67047.74,0.01044149,67037.27,0.01044149,67047.91,0.01044149,67037.17,0.01044149,67048.01,0.01044149,67037.1,0.07467499,67048.88,0.08948698,67037.0,0.01044149,67048.89,0.14914491,67035.31,0.37293775
2024-05-17 19:54:37,67042.28,0.00116535,67042.27,0.016143,67044.6,5.562e-05,67042.26,2.981e-05,67046.71,0.05374482,67040.83,0.08458141,67046.86,0.015,67039.48,0.00016712,67046.9,0.07457467,67038.78,0.0149155,67046.91,0.00038002,67038.63,0.01044127,67048.88,0.08948698,67038.53,0.01044127,67048.89,0.14914491,67038.36,0.01044127,67049.1,0.01044127,67037.28,0.25713941,67049.26,0.01044127,67037.1,0.07464518
